Date,TotalSales
Mon Jan 01 2018 01:00:00 GMT+0100 (centraleuropeisk normaltid),37726
Tue Jan 02 2018 01:00:00 GMT+0100 (centraleuropeisk normaltid),29438
Wed Jan 03 2018 01:00:00 GMT+0100 (centraleuropeisk normaltid),39477
Thu Jan 04 2018 01:00:00 GMT+0100 (centraleuropeisk normaltid),33139
Fri Jan 05 2018 01:00:00 GMT+0100 (centraleuropeisk normaltid),23953
Sat Jan 06 2018 01:00:00 GMT+0100 (centraleuropeisk normaltid),22751
Sun Jan 07 2018 01:00:00 GMT+0100 (centraleuropeisk normaltid),54326
Mon Jan 08 2018 01:00:00 GMT+0100 (centraleuropeisk normaltid),48690
Tue Jan 09 2018 01:00:00 GMT+0100 (centraleuropeisk normaltid),34365
Wed Jan 10 2018 01:00:00 GMT+0100 (centraleuropeisk normaltid),38975
Thu Jan 11 2018 01:00:00 GMT+0100 (centraleuropeisk normaltid),50177
Fri Jan 12 2018 01:00:00 GMT+0100 (centraleuropeisk normaltid),49514
Sat Jan 13 2018 01:00:00 GMT+0100 (centraleuropeisk normaltid),30864
Sun Jan 14 2018 01:00:00 GMT+0100 (centraleuropeisk normaltid),48177
Mon Jan 15 2018 01:00:00 GMT+0100 (centraleuropeisk normaltid),39676
Tue Jan 16 2018 01:00:00 GMT+0100 (centraleuropeisk normaltid),43052
Wed Jan 17 2018 01:00:00 GMT+0100 (centraleuropeisk normaltid),45241
Thu Jan 18 2018 01:00:00 GMT+0100 (centraleuropeisk normaltid),24026
Fri Jan 19 2018 01:00:00 GMT+0100 (centraleuropeisk normaltid),31639
Sat Jan 20 2018 01:00:00 GMT+0100 (centraleuropeisk normaltid),50539
Sun Jan 21 2018 01:00:00 GMT+0100 (centraleuropeisk normaltid),19378
Mon Jan 22 2018 01:00:00 GMT+0100 (centraleuropeisk normaltid),64938
Tue Jan 23 2018 01:00:00 GMT+0100 (centraleuropeisk normaltid),40775
Wed Jan 24 2018 01:00:00 GMT+0100 (centraleuropeisk normaltid),47277
Thu Jan 25 2018 01:00:00 GMT+0100 (centraleuropeisk normaltid),26676
Fri Jan 26 2018 01:00:00 GMT+0100 (centraleuropeisk normaltid),46500
Sat Jan 27 2018 01:00:00 GMT+0100 (centraleuropeisk normaltid),36252
Sun Jan 28 2018 01:00:00 GMT+0100 (centraleuropeisk normaltid),31352
Mon Jan 29 2018 01:00:00 GMT+0100 (centraleuropeisk normaltid),31889
Tue Jan 30 2018 01:00:00 GMT+0100 (centraleuropeisk normaltid),46075
Wed Jan 31 2018 01:00:00 GMT+0100 (centraleuropeisk normaltid),61064
Thu Feb 01 2018 01:00:00 GMT+0100 (centraleuropeisk normaltid),12513
Fri Feb 02 2018 01:00:00 GMT+0100 (centraleuropeisk normaltid),18663
Sat Feb 03 2018 01:00:00 GMT+0100 (centraleuropeisk normaltid),8763
Sun Feb 04 2018 01:00:00 GMT+0100 (centraleuropeisk normaltid),9775
Mon Feb 05 2018 01:00:00 GMT+0100 (centraleuropeisk normaltid),19913
Tue Feb 06 2018 01:00:00 GMT+0100 (centraleuropeisk normaltid),26475
Wed Feb 07 2018 01:00:00 GMT+0100 (centraleuropeisk normaltid),20900
Thu Feb 08 2018 01:00:00 GMT+0100 (centraleuropeisk normaltid),7014
Fri Feb 09 2018 01:00:00 GMT+0100 (centraleuropeisk normaltid),19413
Sat Feb 10 2018 01:00:00 GMT+0100 (centraleuropeisk normaltid),32751
Sun Feb 11 2018 01:00:00 GMT+0100 (centraleuropeisk normaltid),25850
Mon Feb 12 2018 01:00:00 GMT+0100 (centraleuropeisk normaltid),14350
Tue Feb 13 2018 01:00:00 GMT+0100 (centraleuropeisk normaltid),8375
Wed Feb 14 2018 01:00:00 GMT+0100 (centraleuropeisk normaltid),30788
Thu Feb 15 2018 01:00:00 GMT+0100 (centraleuropeisk normaltid),16775
Fri Feb 16 2018 01:00:00 GMT+0100 (centraleuropeisk normaltid),26001
Sat Feb 17 2018 01:00:00 GMT+0100 (centraleuropeisk normaltid),20963
Sun Feb 18 2018 01:00:00 GMT+0100 (centraleuropeisk normaltid),9663
Mon Feb 19 2018 01:00:00 GMT+0100 (centraleuropeisk normaltid),10901
Tue Feb 20 2018 01:00:00 GMT+0100 (centraleuropeisk normaltid),17814
Wed Feb 21 2018 01:00:00 GMT+0100 (centraleuropeisk normaltid),16538
Thu Feb 22 2018 01:00:00 GMT+0100 (centraleuropeisk normaltid),11063
Fri Feb 23 2018 01:00:00 GMT+0100 (centraleuropeisk normaltid),23213
Sat Feb 24 2018 01:00:00 GMT+0100 (centraleuropeisk normaltid),27013
Sun Feb 25 2018 01:00:00 GMT+0100 (centraleuropeisk normaltid),6450
Mon Feb 26 2018 01:00:00 GMT+0100 (centraleuropeisk normaltid),28163
Tue Feb 27 2018 01:00:00 GMT+0100 (centraleuropeisk normaltid),13200
Wed Feb 28 2018 01:00:00 GMT+0100 (centraleuropeisk normaltid),21976
Thu Mar 01 2018 01:00:00 GMT+0100 (centraleuropeisk normaltid),27101
Fri Mar 02 2018 01:00:00 GMT+0100 (centraleuropeisk normaltid),18375
Sat Mar 03 2018 01:00:00 GMT+0100 (centraleuropeisk normaltid),8064
Sun Mar 04 2018 01:00:00 GMT+0100 (centraleuropeisk normaltid),26313
Mon Mar 05 2018 01:00:00 GMT+0100 (centraleuropeisk normaltid),22250
Tue Mar 06 2018 01:00:00 GMT+0100 (centraleuropeisk normaltid),16725
Wed Mar 07 2018 01:00:00 GMT+0100 (centraleuropeisk normaltid),28100
Thu Mar 08 2018 01:00:00 GMT+0100 (centraleuropeisk normaltid),18750
Fri Mar 09 2018 01:00:00 GMT+0100 (centraleuropeisk normaltid),14301
Sat Mar 10 2018 01:00:00 GMT+0100 (centraleuropeisk normaltid),26676
Sun Mar 11 2018 01:00:00 GMT+0100 (centraleuropeisk normaltid),36064
Mon Mar 12 2018 01:00:00 GMT+0100 (centraleuropeisk normaltid),25975
Tue Mar 13 2018 01:00:00 GMT+0100 (centraleuropeisk normaltid),17201
Wed Mar 14 2018 01:00:00 GMT+0100 (centraleuropeisk normaltid),14976
Thu Mar 15 2018 01:00:00 GMT+0100 (centraleuropeisk normaltid),18527
Fri Mar 16 2018 01:00:00 GMT+0100 (centraleuropeisk normaltid),29300
Sat Mar 17 2018 01:00:00 GMT+0100 (centraleuropeisk normaltid),16650
Sun Mar 18 2018 01:00:00 GMT+0100 (centraleuropeisk normaltid),15925
Mon Mar 19 2018 01:00:00 GMT+0100 (centraleuropeisk normaltid),7027
Tue Mar 20 2018 01:00:00 GMT+0100 (centraleuropeisk normaltid),21589
Wed Mar 21 2018 01:00:00 GMT+0100 (centraleuropeisk normaltid),10014
Thu Mar 22 2018 01:00:00 GMT+0100 (centraleuropeisk normaltid),9114
Fri Mar 23 2018 01:00:00 GMT+0100 (centraleuropeisk normaltid),22001
Sat Mar 24 2018 01:00:00 GMT+0100 (centraleuropeisk normaltid),21438
Sun Mar 25 2018 01:00:00 GMT+0100 (centraleuropeisk normaltid),10213
Mon Mar 26 2018 02:00:00 GMT+0200 (centraleuropeisk sommartid),18113
Tue Mar 27 2018 02:00:00 GMT+0200 (centraleuropeisk sommartid),24626
Wed Mar 28 2018 02:00:00 GMT+0200 (centraleuropeisk sommartid),17914
Thu Mar 29 2018 02:00:00 GMT+0200 (centraleuropeisk sommartid),14888
Fri Mar 30 2018 02:00:00 GMT+0200 (centraleuropeisk sommartid),18288
Sat Mar 31 2018 02:00:00 GMT+0200 (centraleuropeisk sommartid),16600
Sun Apr 01 2018 02:00:00 GMT+0200 (centraleuropeisk sommartid),42864
Mon Apr 02 2018 02:00:00 GMT+0200 (centraleuropeisk sommartid),37976
Tue Apr 03 2018 02:00:00 GMT+0200 (centraleuropeisk sommartid),26040
Wed Apr 04 2018 02:00:00 GMT+0200 (centraleuropeisk sommartid),18925
Thu Apr 05 2018 02:00:00 GMT+0200 (centraleuropeisk sommartid),35276
Fri Apr 06 2018 02:00:00 GMT+0200 (centraleuropeisk sommartid),46576
Sat Apr 07 2018 02:00:00 GMT+0200 (centraleuropeisk sommartid),30039
Sun Apr 08 2018 02:00:00 GMT+0200 (centraleuropeisk sommartid),32214
Mon Apr 09 2018 02:00:00 GMT+0200 (centraleuropeisk sommartid),41488
Tue Apr 10 2018 02:00:00 GMT+0200 (centraleuropeisk sommartid),53000
Wed Apr 11 2018 02:00:00 GMT+0200 (centraleuropeisk sommartid),30614
Thu Apr 12 2018 02:00:00 GMT+0200 (centraleuropeisk sommartid),40900
Fri Apr 13 2018 02:00:00 GMT+0200 (centraleuropeisk sommartid),43040
Sat Apr 14 2018 02:00:00 GMT+0200 (centraleuropeisk sommartid),47638
Sun Apr 15 2018 02:00:00 GMT+0200 (centraleuropeisk sommartid),43988
Mon Apr 16 2018 02:00:00 GMT+0200 (centraleuropeisk sommartid),23202
Tue Apr 17 2018 02:00:00 GMT+0200 (centraleuropeisk sommartid),30614
Wed Apr 18 2018 02:00:00 GMT+0200 (centraleuropeisk sommartid),20064
Thu Apr 19 2018 02:00:00 GMT+0200 (centraleuropeisk sommartid),17614
Fri Apr 20 2018 02:00:00 GMT+0200 (centraleuropeisk sommartid),24363
Sat Apr 21 2018 02:00:00 GMT+0200 (centraleuropeisk sommartid),36826
Sun Apr 22 2018 02:00:00 GMT+0200 (centraleuropeisk sommartid),19951
Mon Apr 23 2018 02:00:00 GMT+0200 (centraleuropeisk sommartid),12689
Tue Apr 24 2018 02:00:00 GMT+0200 (centraleuropeisk sommartid),19775
Wed Apr 25 2018 02:00:00 GMT+0200 (centraleuropeisk sommartid),26165
Thu Apr 26 2018 02:00:00 GMT+0200 (centraleuropeisk sommartid),57263
Fri Apr 27 2018 02:00:00 GMT+0200 (centraleuropeisk sommartid),41203
Sat Apr 28 2018 02:00:00 GMT+0200 (centraleuropeisk sommartid),30527
Sun Apr 29 2018 02:00:00 GMT+0200 (centraleuropeisk sommartid),27639
Mon Apr 30 2018 02:00:00 GMT+0200 (centraleuropeisk sommartid),40338
Tue May 01 2018 02:00:00 GMT+0200 (centraleuropeisk sommartid),33963
Wed May 02 2018 02:00:00 GMT+0200 (centraleuropeisk sommartid),59763
Thu May 03 2018 02:00:00 GMT+0200 (centraleuropeisk sommartid),59826
Fri May 04 2018 02:00:00 GMT+0200 (centraleuropeisk sommartid),44115
Sat May 05 2018 02:00:00 GMT+0200 (centraleuropeisk sommartid),37188
Sun May 06 2018 02:00:00 GMT+0200 (centraleuropeisk sommartid),56651
Mon May 07 2018 02:00:00 GMT+0200 (centraleuropeisk sommartid),45315
Tue May 08 2018 02:00:00 GMT+0200 (centraleuropeisk sommartid),45901
Wed May 09 2018 02:00:00 GMT+0200 (centraleuropeisk sommartid),61476
Thu May 10 2018 02:00:00 GMT+0200 (centraleuropeisk sommartid),48489
Fri May 11 2018 02:00:00 GMT+0200 (centraleuropeisk sommartid),50314
Sat May 12 2018 02:00:00 GMT+0200 (centraleuropeisk sommartid),60302
Sun May 13 2018 02:00:00 GMT+0200 (centraleuropeisk sommartid),59202
Mon May 14 2018 02:00:00 GMT+0200 (centraleuropeisk sommartid),49614
Tue May 15 2018 02:00:00 GMT+0200 (centraleuropeisk sommartid),37539
Wed May 16 2018 02:00:00 GMT+0200 (centraleuropeisk sommartid),50740
Thu May 17 2018 02:00:00 GMT+0200 (centraleuropeisk sommartid),83339
Fri May 18 2018 02:00:00 GMT+0200 (centraleuropeisk sommartid),54738
Sat May 19 2018 02:00:00 GMT+0200 (centraleuropeisk sommartid),60127
Sun May 20 2018 02:00:00 GMT+0200 (centraleuropeisk sommartid),40038
Mon May 21 2018 02:00:00 GMT+0200 (centraleuropeisk sommartid),53452
Tue May 22 2018 02:00:00 GMT+0200 (centraleuropeisk sommartid),33076
Wed May 23 2018 02:00:00 GMT+0200 (centraleuropeisk sommartid),67778
Thu May 24 2018 02:00:00 GMT+0200 (centraleuropeisk sommartid),50077
Fri May 25 2018 02:00:00 GMT+0200 (centraleuropeisk sommartid),55791
Sat May 26 2018 02:00:00 GMT+0200 (centraleuropeisk sommartid),56950
Sun May 27 2018 02:00:00 GMT+0200 (centraleuropeisk sommartid),42151
Mon May 28 2018 02:00:00 GMT+0200 (centraleuropeisk sommartid),56964
Tue May 29 2018 02:00:00 GMT+0200 (centraleuropeisk sommartid),53401
Wed May 30 2018 02:00:00 GMT+0200 (centraleuropeisk sommartid),53289
Thu May 31 2018 02:00:00 GMT+0200 (centraleuropeisk sommartid),58251
Fri Jun 01 2018 02:00:00 GMT+0200 (centraleuropeisk sommartid),58851
Sat Jun 02 2018 02:00:00 GMT+0200 (centraleuropeisk sommartid),56926
Sun Jun 03 2018 02:00:00 GMT+0200 (centraleuropeisk sommartid),33929
Mon Jun 04 2018 02:00:00 GMT+0200 (centraleuropeisk sommartid),45376
Tue Jun 05 2018 02:00:00 GMT+0200 (centraleuropeisk sommartid),47052
Wed Jun 06 2018 02:00:00 GMT+0200 (centraleuropeisk sommartid),41440
Thu Jun 07 2018 02:00:00 GMT+0200 (centraleuropeisk sommartid),51163
Fri Jun 08 2018 02:00:00 GMT+0200 (centraleuropeisk sommartid),40376
Sat Jun 09 2018 02:00:00 GMT+0200 (centraleuropeisk sommartid),46789
Sun Jun 10 2018 02:00:00 GMT+0200 (centraleuropeisk sommartid),36615
Mon Jun 11 2018 02:00:00 GMT+0200 (centraleuropeisk sommartid),61763
Tue Jun 12 2018 02:00:00 GMT+0200 (centraleuropeisk sommartid),48340
Wed Jun 13 2018 02:00:00 GMT+0200 (centraleuropeisk sommartid),56626
Thu Jun 14 2018 02:00:00 GMT+0200 (centraleuropeisk sommartid),74239
Fri Jun 15 2018 02:00:00 GMT+0200 (centraleuropeisk sommartid),50215
Sat Jun 16 2018 02:00:00 GMT+0200 (centraleuropeisk sommartid),55527
Sun Jun 17 2018 02:00:00 GMT+0200 (centraleuropeisk sommartid),56640
Mon Jun 18 2018 02:00:00 GMT+0200 (centraleuropeisk sommartid),46313
Tue Jun 19 2018 02:00:00 GMT+0200 (centraleuropeisk sommartid),72528
Wed Jun 20 2018 02:00:00 GMT+0200 (centraleuropeisk sommartid),70289
Thu Jun 21 2018 02:00:00 GMT+0200 (centraleuropeisk sommartid),57214
Fri Jun 22 2018 02:00:00 GMT+0200 (centraleuropeisk sommartid),59053
Sat Jun 23 2018 02:00:00 GMT+0200 (centraleuropeisk sommartid),56801
Sun Jun 24 2018 02:00:00 GMT+0200 (centraleuropeisk sommartid),41664
Mon Jun 25 2018 02:00:00 GMT+0200 (centraleuropeisk sommartid),52327
Tue Jun 26 2018 02:00:00 GMT+0200 (centraleuropeisk sommartid),44778
Wed Jun 27 2018 02:00:00 GMT+0200 (centraleuropeisk sommartid),46603
Thu Jun 28 2018 02:00:00 GMT+0200 (centraleuropeisk sommartid),67475
Fri Jun 29 2018 02:00:00 GMT+0200 (centraleuropeisk sommartid),39926
Sat Jun 30 2018 02:00:00 GMT+0200 (centraleuropeisk sommartid),54739
Sun Jul 01 2018 02:00:00 GMT+0200 (centraleuropeisk sommartid),34275
Mon Jul 02 2018 02:00:00 GMT+0200 (centraleuropeisk sommartid),46353
Tue Jul 03 2018 02:00:00 GMT+0200 (centraleuropeisk sommartid),48050
Wed Jul 04 2018 02:00:00 GMT+0200 (centraleuropeisk sommartid),33453
Thu Jul 05 2018 02:00:00 GMT+0200 (centraleuropeisk sommartid),43714
Fri Jul 06 2018 02:00:00 GMT+0200 (centraleuropeisk sommartid),23378
Sat Jul 07 2018 02:00:00 GMT+0200 (centraleuropeisk sommartid),38726
Sun Jul 08 2018 02:00:00 GMT+0200 (centraleuropeisk sommartid),52366
Mon Jul 09 2018 02:00:00 GMT+0200 (centraleuropeisk sommartid),32025
Tue Jul 10 2018 02:00:00 GMT+0200 (centraleuropeisk sommartid),55489
Wed Jul 11 2018 02:00:00 GMT+0200 (centraleuropeisk sommartid),28278
Thu Jul 12 2018 02:00:00 GMT+0200 (centraleuropeisk sommartid),32588
Fri Jul 13 2018 02:00:00 GMT+0200 (centraleuropeisk sommartid),32763
Sat Jul 14 2018 02:00:00 GMT+0200 (centraleuropeisk sommartid),23288
Sun Jul 15 2018 02:00:00 GMT+0200 (centraleuropeisk sommartid),34376
Mon Jul 16 2018 02:00:00 GMT+0200 (centraleuropeisk sommartid),30063
Tue Jul 17 2018 02:00:00 GMT+0200 (centraleuropeisk sommartid),43952
Wed Jul 18 2018 02:00:00 GMT+0200 (centraleuropeisk sommartid),33901
Thu Jul 19 2018 02:00:00 GMT+0200 (centraleuropeisk sommartid),37327
Fri Jul 20 2018 02:00:00 GMT+0200 (centraleuropeisk sommartid),41001
Sat Jul 21 2018 02:00:00 GMT+0200 (centraleuropeisk sommartid),35588
Sun Jul 22 2018 02:00:00 GMT+0200 (centraleuropeisk sommartid),42964
Mon Jul 23 2018 02:00:00 GMT+0200 (centraleuropeisk sommartid),24414
Tue Jul 24 2018 02:00:00 GMT+0200 (centraleuropeisk sommartid),66776
Wed Jul 25 2018 02:00:00 GMT+0200 (centraleuropeisk sommartid),35475
Thu Jul 26 2018 02:00:00 GMT+0200 (centraleuropeisk sommartid),28389
Fri Jul 27 2018 02:00:00 GMT+0200 (centraleuropeisk sommartid),27252
Sat Jul 28 2018 02:00:00 GMT+0200 (centraleuropeisk sommartid),19976
Sun Jul 29 2018 02:00:00 GMT+0200 (centraleuropeisk sommartid),38013
Mon Jul 30 2018 02:00:00 GMT+0200 (centraleuropeisk sommartid),24751
Tue Jul 31 2018 02:00:00 GMT+0200 (centraleuropeisk sommartid),34377
Wed Aug 01 2018 02:00:00 GMT+0200 (centraleuropeisk sommartid),29240
Thu Aug 02 2018 02:00:00 GMT+0200 (centraleuropeisk sommartid),38164
Fri Aug 03 2018 02:00:00 GMT+0200 (centraleuropeisk sommartid),44601
Sat Aug 04 2018 02:00:00 GMT+0200 (centraleuropeisk sommartid),52850
Sun Aug 05 2018 02:00:00 GMT+0200 (centraleuropeisk sommartid),44839
Mon Aug 06 2018 02:00:00 GMT+0200 (centraleuropeisk sommartid),42652
Tue Aug 07 2018 02:00:00 GMT+0200 (centraleuropeisk sommartid),52240
Wed Aug 08 2018 02:00:00 GMT+0200 (centraleuropeisk sommartid),64089
Thu Aug 09 2018 02:00:00 GMT+0200 (centraleuropeisk sommartid),47502
Fri Aug 10 2018 02:00:00 GMT+0200 (centraleuropeisk sommartid),32300
Sat Aug 11 2018 02:00:00 GMT+0200 (centraleuropeisk sommartid),24714
Sun Aug 12 2018 02:00:00 GMT+0200 (centraleuropeisk sommartid),38938
Mon Aug 13 2018 02:00:00 GMT+0200 (centraleuropeisk sommartid),31677
Tue Aug 14 2018 02:00:00 GMT+0200 (centraleuropeisk sommartid),49015
Wed Aug 15 2018 02:00:00 GMT+0200 (centraleuropeisk sommartid),40826
Thu Aug 16 2018 02:00:00 GMT+0200 (centraleuropeisk sommartid),30975
Fri Aug 17 2018 02:00:00 GMT+0200 (centraleuropeisk sommartid),16839
Sat Aug 18 2018 02:00:00 GMT+0200 (centraleuropeisk sommartid),40238
Sun Aug 19 2018 02:00:00 GMT+0200 (centraleuropeisk sommartid),29913
Mon Aug 20 2018 02:00:00 GMT+0200 (centraleuropeisk sommartid),27050
Tue Aug 21 2018 02:00:00 GMT+0200 (centraleuropeisk sommartid),24402
Wed Aug 22 2018 02:00:00 GMT+0200 (centraleuropeisk sommartid),24390
Thu Aug 23 2018 02:00:00 GMT+0200 (centraleuropeisk sommartid),27751
Fri Aug 24 2018 02:00:00 GMT+0200 (centraleuropeisk sommartid),45476
Sat Aug 25 2018 02:00:00 GMT+0200 (centraleuropeisk sommartid),70276
Sun Aug 26 2018 02:00:00 GMT+0200 (centraleuropeisk sommartid),34515
Mon Aug 27 2018 02:00:00 GMT+0200 (centraleuropeisk sommartid),46639
Tue Aug 28 2018 02:00:00 GMT+0200 (centraleuropeisk sommartid),11913
Wed Aug 29 2018 02:00:00 GMT+0200 (centraleuropeisk sommartid),25826
Thu Aug 30 2018 02:00:00 GMT+0200 (centraleuropeisk sommartid),17825
Fri Aug 31 2018 02:00:00 GMT+0200 (centraleuropeisk sommartid),22039
Sat Sep 01 2018 02:00:00 GMT+0200 (centraleuropeisk sommartid),28451
Sun Sep 02 2018 02:00:00 GMT+0200 (centraleuropeisk sommartid),32888
Mon Sep 03 2018 02:00:00 GMT+0200 (centraleuropeisk sommartid),21601
Tue Sep 04 2018 02:00:00 GMT+0200 (centraleuropeisk sommartid),36814
Wed Sep 05 2018 02:00:00 GMT+0200 (centraleuropeisk sommartid),36401
Thu Sep 06 2018 02:00:00 GMT+0200 (centraleuropeisk sommartid),37363
Fri Sep 07 2018 02:00:00 GMT+0200 (centraleuropeisk sommartid),29076
Sat Sep 08 2018 02:00:00 GMT+0200 (centraleuropeisk sommartid),25250
Sun Sep 09 2018 02:00:00 GMT+0200 (centraleuropeisk sommartid),21238
Mon Sep 10 2018 02:00:00 GMT+0200 (centraleuropeisk sommartid),41500
Tue Sep 11 2018 02:00:00 GMT+0200 (centraleuropeisk sommartid),50726
Wed Sep 12 2018 02:00:00 GMT+0200 (centraleuropeisk sommartid),14325
Thu Sep 13 2018 02:00:00 GMT+0200 (centraleuropeisk sommartid),38164
Fri Sep 14 2018 02:00:00 GMT+0200 (centraleuropeisk sommartid),47263
Sat Sep 15 2018 02:00:00 GMT+0200 (centraleuropeisk sommartid),21538
Sun Sep 16 2018 02:00:00 GMT+0200 (centraleuropeisk sommartid),35513
Mon Sep 17 2018 02:00:00 GMT+0200 (centraleuropeisk sommartid),43738
Tue Sep 18 2018 02:00:00 GMT+0200 (centraleuropeisk sommartid),8888
Wed Sep 19 2018 02:00:00 GMT+0200 (centraleuropeisk sommartid),50115
Thu Sep 20 2018 02:00:00 GMT+0200 (centraleuropeisk sommartid),41338
Fri Sep 21 2018 02:00:00 GMT+0200 (centraleuropeisk sommartid),22376
Sat Sep 22 2018 02:00:00 GMT+0200 (centraleuropeisk sommartid),53315
Sun Sep 23 2018 02:00:00 GMT+0200 (centraleuropeisk sommartid),43090
Mon Sep 24 2018 02:00:00 GMT+0200 (centraleuropeisk sommartid),24027
Tue Sep 25 2018 02:00:00 GMT+0200 (centraleuropeisk sommartid),39701
Wed Sep 26 2018 02:00:00 GMT+0200 (centraleuropeisk sommartid),39526
Thu Sep 27 2018 02:00:00 GMT+0200 (centraleuropeisk sommartid),20666
Fri Sep 28 2018 02:00:00 GMT+0200 (centraleuropeisk sommartid),27565
Sat Sep 29 2018 02:00:00 GMT+0200 (centraleuropeisk sommartid),39564
Sun Sep 30 2018 02:00:00 GMT+0200 (centraleuropeisk sommartid),17438
Mon Oct 01 2018 02:00:00 GMT+0200 (centraleuropeisk sommartid),40752
Tue Oct 02 2018 02:00:00 GMT+0200 (centraleuropeisk sommartid),50165
Wed Oct 03 2018 02:00:00 GMT+0200 (centraleuropeisk sommartid),19900
Thu Oct 04 2018 02:00:00 GMT+0200 (centraleuropeisk sommartid),16740
Fri Oct 05 2018 02:00:00 GMT+0200 (centraleuropeisk sommartid),21239
Sat Oct 06 2018 02:00:00 GMT+0200 (centraleuropeisk sommartid),25675
Sun Oct 07 2018 02:00:00 GMT+0200 (centraleuropeisk sommartid),15788
Mon Oct 08 2018 02:00:00 GMT+0200 (centraleuropeisk sommartid),32014
Tue Oct 09 2018 02:00:00 GMT+0200 (centraleuropeisk sommartid),36300
Wed Oct 10 2018 02:00:00 GMT+0200 (centraleuropeisk sommartid),47215
Thu Oct 11 2018 02:00:00 GMT+0200 (centraleuropeisk sommartid),15889
Fri Oct 12 2018 02:00:00 GMT+0200 (centraleuropeisk sommartid),48625
Sat Oct 13 2018 02:00:00 GMT+0200 (centraleuropeisk sommartid),31613
Sun Oct 14 2018 02:00:00 GMT+0200 (centraleuropeisk sommartid),31363
Mon Oct 15 2018 02:00:00 GMT+0200 (centraleuropeisk sommartid),46413
Tue Oct 16 2018 02:00:00 GMT+0200 (centraleuropeisk sommartid),19300
Wed Oct 17 2018 02:00:00 GMT+0200 (centraleuropeisk sommartid),21913
Thu Oct 18 2018 02:00:00 GMT+0200 (centraleuropeisk sommartid),36313
Fri Oct 19 2018 02:00:00 GMT+0200 (centraleuropeisk sommartid),45263
Sat Oct 20 2018 02:00:00 GMT+0200 (centraleuropeisk sommartid),27127
Sun Oct 21 2018 02:00:00 GMT+0200 (centraleuropeisk sommartid),25702
Mon Oct 22 2018 02:00:00 GMT+0200 (centraleuropeisk sommartid),46364
Tue Oct 23 2018 02:00:00 GMT+0200 (centraleuropeisk sommartid),19750
Wed Oct 24 2018 02:00:00 GMT+0200 (centraleuropeisk sommartid),37563
Thu Oct 25 2018 02:00:00 GMT+0200 (centraleuropeisk sommartid),45127
Fri Oct 26 2018 02:00:00 GMT+0200 (centraleuropeisk sommartid),29751
Sat Oct 27 2018 02:00:00 GMT+0200 (centraleuropeisk sommartid),51302
Sun Oct 28 2018 02:00:00 GMT+0200 (centraleuropeisk sommartid),53739
Mon Oct 29 2018 01:00:00 GMT+0100 (centraleuropeisk normaltid),24401
Tue Oct 30 2018 01:00:00 GMT+0100 (centraleuropeisk normaltid),36300
Wed Oct 31 2018 01:00:00 GMT+0100 (centraleuropeisk normaltid),30600
Thu Nov 01 2018 01:00:00 GMT+0100 (centraleuropeisk normaltid),73716
Fri Nov 02 2018 01:00:00 GMT+0100 (centraleuropeisk normaltid),58864
Sat Nov 03 2018 01:00:00 GMT+0100 (centraleuropeisk normaltid),65451
Sun Nov 04 2018 01:00:00 GMT+0100 (centraleuropeisk normaltid),59201
Mon Nov 05 2018 01:00:00 GMT+0100 (centraleuropeisk normaltid),50626
Tue Nov 06 2018 01:00:00 GMT+0100 (centraleuropeisk normaltid),26189
Wed Nov 07 2018 01:00:00 GMT+0100 (centraleuropeisk normaltid),43039
Thu Nov 08 2018 01:00:00 GMT+0100 (centraleuropeisk normaltid),65451
Fri Nov 09 2018 01:00:00 GMT+0100 (centraleuropeisk normaltid),74052
Sat Nov 10 2018 01:00:00 GMT+0100 (centraleuropeisk normaltid),70602
Sun Nov 11 2018 01:00:00 GMT+0100 (centraleuropeisk normaltid),47253
Mon Nov 12 2018 01:00:00 GMT+0100 (centraleuropeisk normaltid),90790
Tue Nov 13 2018 01:00:00 GMT+0100 (centraleuropeisk normaltid),58439
Wed Nov 14 2018 01:00:00 GMT+0100 (centraleuropeisk normaltid),91289
Thu Nov 15 2018 01:00:00 GMT+0100 (centraleuropeisk normaltid),45552
Fri Nov 16 2018 01:00:00 GMT+0100 (centraleuropeisk normaltid),66914
Sat Nov 17 2018 01:00:00 GMT+0100 (centraleuropeisk normaltid),113967
Sun Nov 18 2018 01:00:00 GMT+0100 (centraleuropeisk normaltid),58279
Mon Nov 19 2018 01:00:00 GMT+0100 (centraleuropeisk normaltid),69539
Tue Nov 20 2018 01:00:00 GMT+0100 (centraleuropeisk normaltid),40403
Wed Nov 21 2018 01:00:00 GMT+0100 (centraleuropeisk normaltid),65002
Thu Nov 22 2018 01:00:00 GMT+0100 (centraleuropeisk normaltid),74989
Fri Nov 23 2018 01:00:00 GMT+0100 (centraleuropeisk normaltid),80527
Sat Nov 24 2018 01:00:00 GMT+0100 (centraleuropeisk normaltid),71288
Sun Nov 25 2018 01:00:00 GMT+0100 (centraleuropeisk normaltid),63165
Mon Nov 26 2018 01:00:00 GMT+0100 (centraleuropeisk normaltid),67938
Tue Nov 27 2018 01:00:00 GMT+0100 (centraleuropeisk normaltid),50652
Wed Nov 28 2018 01:00:00 GMT+0100 (centraleuropeisk normaltid),57066
Thu Nov 29 2018 01:00:00 GMT+0100 (centraleuropeisk normaltid),74880
Fri Nov 30 2018 01:00:00 GMT+0100 (centraleuropeisk normaltid),72002
Sat Dec 01 2018 01:00:00 GMT+0100 (centraleuropeisk normaltid),73427
Sun Dec 02 2018 01:00:00 GMT+0100 (centraleuropeisk normaltid),61577
Mon Dec 03 2018 01:00:00 GMT+0100 (centraleuropeisk normaltid),66502
Tue Dec 04 2018 01:00:00 GMT+0100 (centraleuropeisk normaltid),41514
Wed Dec 05 2018 01:00:00 GMT+0100 (centraleuropeisk normaltid),95427
Thu Dec 06 2018 01:00:00 GMT+0100 (centraleuropeisk normaltid),47614
Fri Dec 07 2018 01:00:00 GMT+0100 (centraleuropeisk normaltid),41776
Sat Dec 08 2018 01:00:00 GMT+0100 (centraleuropeisk normaltid),38613
Sun Dec 09 2018 01:00:00 GMT+0100 (centraleuropeisk normaltid),81416
Mon Dec 10 2018 01:00:00 GMT+0100 (centraleuropeisk normaltid),87888
Tue Dec 11 2018 01:00:00 GMT+0100 (centraleuropeisk normaltid),63464
Wed Dec 12 2018 01:00:00 GMT+0100 (centraleuropeisk normaltid),67013
Thu Dec 13 2018 01:00:00 GMT+0100 (centraleuropeisk normaltid),48151
Fri Dec 14 2018 01:00:00 GMT+0100 (centraleuropeisk normaltid),57802
Sat Dec 15 2018 01:00:00 GMT+0100 (centraleuropeisk normaltid),75289
Sun Dec 16 2018 01:00:00 GMT+0100 (centraleuropeisk normaltid),47416
Mon Dec 17 2018 01:00:00 GMT+0100 (centraleuropeisk normaltid),64626
Tue Dec 18 2018 01:00:00 GMT+0100 (centraleuropeisk normaltid),83739
Wed Dec 19 2018 01:00:00 GMT+0100 (centraleuropeisk normaltid),102139
Thu Dec 20 2018 01:00:00 GMT+0100 (centraleuropeisk normaltid),59377
Fri Dec 21 2018 01:00:00 GMT+0100 (centraleuropeisk normaltid),80378
Sat Dec 22 2018 01:00:00 GMT+0100 (centraleuropeisk normaltid),70904
Sun Dec 23 2018 01:00:00 GMT+0100 (centraleuropeisk normaltid),58301
Mon Dec 24 2018 01:00:00 GMT+0100 (centraleuropeisk normaltid),50778
Tue Dec 25 2018 01:00:00 GMT+0100 (centraleuropeisk normaltid),63227
Wed Dec 26 2018 01:00:00 GMT+0100 (centraleuropeisk normaltid),74401
Thu Dec 27 2018 01:00:00 GMT+0100 (centraleuropeisk normaltid),63640
Fri Dec 28 2018 01:00:00 GMT+0100 (centraleuropeisk normaltid),64001
Sat Dec 29 2018 01:00:00 GMT+0100 (centraleuropeisk normaltid),79840
Sun Dec 30 2018 01:00:00 GMT+0100 (centraleuropeisk normaltid),73102
Mon Dec 31 2018 01:00:00 GMT+0100 (centraleuropeisk normaltid),73417
Tue Jan 01 2019 01:00:00 GMT+0100 (centraleuropeisk normaltid),45925
Wed Jan 02 2019 01:00:00 GMT+0100 (centraleuropeisk normaltid),36501
Thu Jan 03 2019 01:00:00 GMT+0100 (centraleuropeisk normaltid),33202
Fri Jan 04 2019 01:00:00 GMT+0100 (centraleuropeisk normaltid),18101
Sat Jan 05 2019 01:00:00 GMT+0100 (centraleuropeisk normaltid),23138
Sun Jan 06 2019 01:00:00 GMT+0100 (centraleuropeisk normaltid),42038
Mon Jan 07 2019 01:00:00 GMT+0100 (centraleuropeisk normaltid),44538
Tue Jan 08 2019 01:00:00 GMT+0100 (centraleuropeisk normaltid),37189
Wed Jan 09 2019 01:00:00 GMT+0100 (centraleuropeisk normaltid),36426
Thu Jan 10 2019 01:00:00 GMT+0100 (centraleuropeisk normaltid),19001
Fri Jan 11 2019 01:00:00 GMT+0100 (centraleuropeisk normaltid),39551
Sat Jan 12 2019 01:00:00 GMT+0100 (centraleuropeisk normaltid),33700
Sun Jan 13 2019 01:00:00 GMT+0100 (centraleuropeisk normaltid),45138
Mon Jan 14 2019 01:00:00 GMT+0100 (centraleuropeisk normaltid),30714
Tue Jan 15 2019 01:00:00 GMT+0100 (centraleuropeisk normaltid),45925
Wed Jan 16 2019 01:00:00 GMT+0100 (centraleuropeisk normaltid),53601
Thu Jan 17 2019 01:00:00 GMT+0100 (centraleuropeisk normaltid),34464
Fri Jan 18 2019 01:00:00 GMT+0100 (centraleuropeisk normaltid),41240
Sat Jan 19 2019 01:00:00 GMT+0100 (centraleuropeisk normaltid),44050
Sun Jan 20 2019 01:00:00 GMT+0100 (centraleuropeisk normaltid),34888
Mon Jan 21 2019 01:00:00 GMT+0100 (centraleuropeisk normaltid),36501
Tue Jan 22 2019 01:00:00 GMT+0100 (centraleuropeisk normaltid),39739
Wed Jan 23 2019 01:00:00 GMT+0100 (centraleuropeisk normaltid),31125
Thu Jan 24 2019 01:00:00 GMT+0100 (centraleuropeisk normaltid),16301
Fri Jan 25 2019 01:00:00 GMT+0100 (centraleuropeisk normaltid),27925
Sat Jan 26 2019 01:00:00 GMT+0100 (centraleuropeisk normaltid),38002
Sun Jan 27 2019 01:00:00 GMT+0100 (centraleuropeisk normaltid),42063
Mon Jan 28 2019 01:00:00 GMT+0100 (centraleuropeisk normaltid),29825
Tue Jan 29 2019 01:00:00 GMT+0100 (centraleuropeisk normaltid),29725
Wed Jan 30 2019 01:00:00 GMT+0100 (centraleuropeisk normaltid),22601
Thu Jan 31 2019 01:00:00 GMT+0100 (centraleuropeisk normaltid),39240
Fri Feb 01 2019 01:00:00 GMT+0100 (centraleuropeisk normaltid),8838
Sat Feb 02 2019 01:00:00 GMT+0100 (centraleuropeisk normaltid),18763
Sun Feb 03 2019 01:00:00 GMT+0100 (centraleuropeisk normaltid),16539
Mon Feb 04 2019 01:00:00 GMT+0100 (centraleuropeisk normaltid),13438
Tue Feb 05 2019 01:00:00 GMT+0100 (centraleuropeisk normaltid),15075
Wed Feb 06 2019 01:00:00 GMT+0100 (centraleuropeisk normaltid),29250
Thu Feb 07 2019 01:00:00 GMT+0100 (centraleuropeisk normaltid),18400
Fri Feb 08 2019 01:00:00 GMT+0100 (centraleuropeisk normaltid),28563
Sat Feb 09 2019 01:00:00 GMT+0100 (centraleuropeisk normaltid),17026
Sun Feb 10 2019 01:00:00 GMT+0100 (centraleuropeisk normaltid),18951
Mon Feb 11 2019 01:00:00 GMT+0100 (centraleuropeisk normaltid),6500
Tue Feb 12 2019 01:00:00 GMT+0100 (centraleuropeisk normaltid),28675
Wed Feb 13 2019 01:00:00 GMT+0100 (centraleuropeisk normaltid),23300
Thu Feb 14 2019 01:00:00 GMT+0100 (centraleuropeisk normaltid),13375
Fri Feb 15 2019 01:00:00 GMT+0100 (centraleuropeisk normaltid),19075
Sat Feb 16 2019 01:00:00 GMT+0100 (centraleuropeisk normaltid),22801
Sun Feb 17 2019 01:00:00 GMT+0100 (centraleuropeisk normaltid),26275
Mon Feb 18 2019 01:00:00 GMT+0100 (centraleuropeisk normaltid),19400
Tue Feb 19 2019 01:00:00 GMT+0100 (centraleuropeisk normaltid),26850
Wed Feb 20 2019 01:00:00 GMT+0100 (centraleuropeisk normaltid),17314
Thu Feb 21 2019 01:00:00 GMT+0100 (centraleuropeisk normaltid),12914
Fri Feb 22 2019 01:00:00 GMT+0100 (centraleuropeisk normaltid),28625
Sat Feb 23 2019 01:00:00 GMT+0100 (centraleuropeisk normaltid),3851
Sun Feb 24 2019 01:00:00 GMT+0100 (centraleuropeisk normaltid),9850
Mon Feb 25 2019 01:00:00 GMT+0100 (centraleuropeisk normaltid),11963
Tue Feb 26 2019 01:00:00 GMT+0100 (centraleuropeisk normaltid),5563
Wed Feb 27 2019 01:00:00 GMT+0100 (centraleuropeisk normaltid),31263
Thu Feb 28 2019 01:00:00 GMT+0100 (centraleuropeisk normaltid),7213
Fri Mar 01 2019 01:00:00 GMT+0100 (centraleuropeisk normaltid),17263
Sat Mar 02 2019 01:00:00 GMT+0100 (centraleuropeisk normaltid),19988
Sun Mar 03 2019 01:00:00 GMT+0100 (centraleuropeisk normaltid),14976
Mon Mar 04 2019 01:00:00 GMT+0100 (centraleuropeisk normaltid),20825
Tue Mar 05 2019 01:00:00 GMT+0100 (centraleuropeisk normaltid),6063
Wed Mar 06 2019 01:00:00 GMT+0100 (centraleuropeisk normaltid),26701
Thu Mar 07 2019 01:00:00 GMT+0100 (centraleuropeisk normaltid),16976
Fri Mar 08 2019 01:00:00 GMT+0100 (centraleuropeisk normaltid),18863
Sat Mar 09 2019 01:00:00 GMT+0100 (centraleuropeisk normaltid),14151
Sun Mar 10 2019 01:00:00 GMT+0100 (centraleuropeisk normaltid),27975
Mon Mar 11 2019 01:00:00 GMT+0100 (centraleuropeisk normaltid),11075
Tue Mar 12 2019 01:00:00 GMT+0100 (centraleuropeisk normaltid),8826
Wed Mar 13 2019 01:00:00 GMT+0100 (centraleuropeisk normaltid),15513
Thu Mar 14 2019 01:00:00 GMT+0100 (centraleuropeisk normaltid),18413
Fri Mar 15 2019 01:00:00 GMT+0100 (centraleuropeisk normaltid),17463
Sat Mar 16 2019 01:00:00 GMT+0100 (centraleuropeisk normaltid),10950
Sun Mar 17 2019 01:00:00 GMT+0100 (centraleuropeisk normaltid),15800
Mon Mar 18 2019 01:00:00 GMT+0100 (centraleuropeisk normaltid),19800
Tue Mar 19 2019 01:00:00 GMT+0100 (centraleuropeisk normaltid),14613
Wed Mar 20 2019 01:00:00 GMT+0100 (centraleuropeisk normaltid),10800
Thu Mar 21 2019 01:00:00 GMT+0100 (centraleuropeisk normaltid),5525
Fri Mar 22 2019 01:00:00 GMT+0100 (centraleuropeisk normaltid),19763
Sat Mar 23 2019 01:00:00 GMT+0100 (centraleuropeisk normaltid),17088
Sun Mar 24 2019 01:00:00 GMT+0100 (centraleuropeisk normaltid),7275
Mon Mar 25 2019 01:00:00 GMT+0100 (centraleuropeisk normaltid),31513
Tue Mar 26 2019 01:00:00 GMT+0100 (centraleuropeisk normaltid),32850
Wed Mar 27 2019 01:00:00 GMT+0100 (centraleuropeisk normaltid),18850
Thu Mar 28 2019 01:00:00 GMT+0100 (centraleuropeisk normaltid),12000
Fri Mar 29 2019 01:00:00 GMT+0100 (centraleuropeisk normaltid),13975
Sat Mar 30 2019 01:00:00 GMT+0100 (centraleuropeisk normaltid),17413
Sun Mar 31 2019 01:00:00 GMT+0100 (centraleuropeisk normaltid),15301
Mon Apr 01 2019 02:00:00 GMT+0200 (centraleuropeisk sommartid),30014
Tue Apr 02 2019 02:00:00 GMT+0200 (centraleuropeisk sommartid),19375
Wed Apr 03 2019 02:00:00 GMT+0200 (centraleuropeisk sommartid),34877
Thu Apr 04 2019 02:00:00 GMT+0200 (centraleuropeisk sommartid),30288
Fri Apr 05 2019 02:00:00 GMT+0200 (centraleuropeisk sommartid),31602
Sat Apr 06 2019 02:00:00 GMT+0200 (centraleuropeisk sommartid),36926
Sun Apr 07 2019 02:00:00 GMT+0200 (centraleuropeisk sommartid),27964
Mon Apr 08 2019 02:00:00 GMT+0200 (centraleuropeisk sommartid),46063
Tue Apr 09 2019 02:00:00 GMT+0200 (centraleuropeisk sommartid),57815
Wed Apr 10 2019 02:00:00 GMT+0200 (centraleuropeisk sommartid),30065
Thu Apr 11 2019 02:00:00 GMT+0200 (centraleuropeisk sommartid),36601
Fri Apr 12 2019 02:00:00 GMT+0200 (centraleuropeisk sommartid),16552
Sat Apr 13 2019 02:00:00 GMT+0200 (centraleuropeisk sommartid),34851
Sun Apr 14 2019 02:00:00 GMT+0200 (centraleuropeisk sommartid),62639
Mon Apr 15 2019 02:00:00 GMT+0200 (centraleuropeisk sommartid),30513
Tue Apr 16 2019 02:00:00 GMT+0200 (centraleuropeisk sommartid),46200
Wed Apr 17 2019 02:00:00 GMT+0200 (centraleuropeisk sommartid),25313
Thu Apr 18 2019 02:00:00 GMT+0200 (centraleuropeisk sommartid),27202
Fri Apr 19 2019 02:00:00 GMT+0200 (centraleuropeisk sommartid),34325
Sat Apr 20 2019 02:00:00 GMT+0200 (centraleuropeisk sommartid),50028
Sun Apr 21 2019 02:00:00 GMT+0200 (centraleuropeisk sommartid),26138
Mon Apr 22 2019 02:00:00 GMT+0200 (centraleuropeisk sommartid),54051
Tue Apr 23 2019 02:00:00 GMT+0200 (centraleuropeisk sommartid),39376
Wed Apr 24 2019 02:00:00 GMT+0200 (centraleuropeisk sommartid),32326
Thu Apr 25 2019 02:00:00 GMT+0200 (centraleuropeisk sommartid),14688
Fri Apr 26 2019 02:00:00 GMT+0200 (centraleuropeisk sommartid),38576
Sat Apr 27 2019 02:00:00 GMT+0200 (centraleuropeisk sommartid),22864
Sun Apr 28 2019 02:00:00 GMT+0200 (centraleuropeisk sommartid),50989
Mon Apr 29 2019 02:00:00 GMT+0200 (centraleuropeisk sommartid),25977
Tue Apr 30 2019 02:00:00 GMT+0200 (centraleuropeisk sommartid),24526
Wed May 01 2019 02:00:00 GMT+0200 (centraleuropeisk sommartid),73263
Thu May 02 2019 02:00:00 GMT+0200 (centraleuropeisk sommartid),61026
Fri May 03 2019 02:00:00 GMT+0200 (centraleuropeisk sommartid),48738
Sat May 04 2019 02:00:00 GMT+0200 (centraleuropeisk sommartid),59601
Sun May 05 2019 02:00:00 GMT+0200 (centraleuropeisk sommartid),27965
Mon May 06 2019 02:00:00 GMT+0200 (centraleuropeisk sommartid),37626
Tue May 07 2019 02:00:00 GMT+0200 (centraleuropeisk sommartid),66127
Wed May 08 2019 02:00:00 GMT+0200 (centraleuropeisk sommartid),49275
Thu May 09 2019 02:00:00 GMT+0200 (centraleuropeisk sommartid),24602
Fri May 10 2019 02:00:00 GMT+0200 (centraleuropeisk sommartid),62004
Sat May 11 2019 02:00:00 GMT+0200 (centraleuropeisk sommartid),55578
Sun May 12 2019 02:00:00 GMT+0200 (centraleuropeisk sommartid),41900
Mon May 13 2019 02:00:00 GMT+0200 (centraleuropeisk sommartid),37626
Tue May 14 2019 02:00:00 GMT+0200 (centraleuropeisk sommartid),66116
Wed May 15 2019 02:00:00 GMT+0200 (centraleuropeisk sommartid),52052
Thu May 16 2019 02:00:00 GMT+0200 (centraleuropeisk sommartid),40126
Fri May 17 2019 02:00:00 GMT+0200 (centraleuropeisk sommartid),74938
Sat May 18 2019 02:00:00 GMT+0200 (centraleuropeisk sommartid),46839
Sun May 19 2019 02:00:00 GMT+0200 (centraleuropeisk sommartid),37775
Mon May 20 2019 02:00:00 GMT+0200 (centraleuropeisk sommartid),50589
Tue May 21 2019 02:00:00 GMT+0200 (centraleuropeisk sommartid),55988
Wed May 22 2019 02:00:00 GMT+0200 (centraleuropeisk sommartid),38877
Thu May 23 2019 02:00:00 GMT+0200 (centraleuropeisk sommartid),40338
Fri May 24 2019 02:00:00 GMT+0200 (centraleuropeisk sommartid),56701
Sat May 25 2019 02:00:00 GMT+0200 (centraleuropeisk sommartid),52702
Sun May 26 2019 02:00:00 GMT+0200 (centraleuropeisk sommartid),86389
Mon May 27 2019 02:00:00 GMT+0200 (centraleuropeisk sommartid),43954
Tue May 28 2019 02:00:00 GMT+0200 (centraleuropeisk sommartid),27989
Wed May 29 2019 02:00:00 GMT+0200 (centraleuropeisk sommartid),51777
Thu May 30 2019 02:00:00 GMT+0200 (centraleuropeisk sommartid),29626
Fri May 31 2019 02:00:00 GMT+0200 (centraleuropeisk sommartid),63877
Sat Jun 01 2019 02:00:00 GMT+0200 (centraleuropeisk sommartid),64691
Sun Jun 02 2019 02:00:00 GMT+0200 (centraleuropeisk sommartid),76991
Mon Jun 03 2019 02:00:00 GMT+0200 (centraleuropeisk sommartid),41565
Tue Jun 04 2019 02:00:00 GMT+0200 (centraleuropeisk sommartid),63690
Wed Jun 05 2019 02:00:00 GMT+0200 (centraleuropeisk sommartid),45518
Thu Jun 06 2019 02:00:00 GMT+0200 (centraleuropeisk sommartid),57638
Fri Jun 07 2019 02:00:00 GMT+0200 (centraleuropeisk sommartid),54989
Sat Jun 08 2019 02:00:00 GMT+0200 (centraleuropeisk sommartid),52201
Sun Jun 09 2019 02:00:00 GMT+0200 (centraleuropeisk sommartid),28963
Mon Jun 10 2019 02:00:00 GMT+0200 (centraleuropeisk sommartid),30689
Tue Jun 11 2019 02:00:00 GMT+0200 (centraleuropeisk sommartid),44188
Wed Jun 12 2019 02:00:00 GMT+0200 (centraleuropeisk sommartid),79600
Thu Jun 13 2019 02:00:00 GMT+0200 (centraleuropeisk sommartid),42813
Fri Jun 14 2019 02:00:00 GMT+0200 (centraleuropeisk sommartid),59677
Sat Jun 15 2019 02:00:00 GMT+0200 (centraleuropeisk sommartid),49127
Sun Jun 16 2019 02:00:00 GMT+0200 (centraleuropeisk sommartid),48552
Mon Jun 17 2019 02:00:00 GMT+0200 (centraleuropeisk sommartid),71464
Tue Jun 18 2019 02:00:00 GMT+0200 (centraleuropeisk sommartid),58265
Wed Jun 19 2019 02:00:00 GMT+0200 (centraleuropeisk sommartid),77689
Thu Jun 20 2019 02:00:00 GMT+0200 (centraleuropeisk sommartid),55014
Fri Jun 21 2019 02:00:00 GMT+0200 (centraleuropeisk sommartid),67464
Sat Jun 22 2019 02:00:00 GMT+0200 (centraleuropeisk sommartid),55090
Sun Jun 23 2019 02:00:00 GMT+0200 (centraleuropeisk sommartid),48677
Mon Jun 24 2019 02:00:00 GMT+0200 (centraleuropeisk sommartid),43227
Tue Jun 25 2019 02:00:00 GMT+0200 (centraleuropeisk sommartid),41939
Wed Jun 26 2019 02:00:00 GMT+0200 (centraleuropeisk sommartid),58200
Thu Jun 27 2019 02:00:00 GMT+0200 (centraleuropeisk sommartid),37588
Fri Jun 28 2019 02:00:00 GMT+0200 (centraleuropeisk sommartid),25752
Sat Jun 29 2019 02:00:00 GMT+0200 (centraleuropeisk sommartid),43439
Sun Jun 30 2019 02:00:00 GMT+0200 (centraleuropeisk sommartid),48726
Mon Jul 01 2019 02:00:00 GMT+0200 (centraleuropeisk sommartid),23613
Tue Jul 02 2019 02:00:00 GMT+0200 (centraleuropeisk sommartid),34075
Wed Jul 03 2019 02:00:00 GMT+0200 (centraleuropeisk sommartid),45615
Thu Jul 04 2019 02:00:00 GMT+0200 (centraleuropeisk sommartid),31877
Fri Jul 05 2019 02:00:00 GMT+0200 (centraleuropeisk sommartid),39690
Sat Jul 06 2019 02:00:00 GMT+0200 (centraleuropeisk sommartid),36975
Sun Jul 07 2019 02:00:00 GMT+0200 (centraleuropeisk sommartid),29376
Mon Jul 08 2019 02:00:00 GMT+0200 (centraleuropeisk sommartid),47963
Tue Jul 09 2019 02:00:00 GMT+0200 (centraleuropeisk sommartid),8625
Wed Jul 10 2019 02:00:00 GMT+0200 (centraleuropeisk sommartid),37214
Thu Jul 11 2019 02:00:00 GMT+0200 (centraleuropeisk sommartid),32164
Fri Jul 12 2019 02:00:00 GMT+0200 (centraleuropeisk sommartid),63400
Sat Jul 13 2019 02:00:00 GMT+0200 (centraleuropeisk sommartid),12388
Sun Jul 14 2019 02:00:00 GMT+0200 (centraleuropeisk sommartid),36528
Mon Jul 15 2019 02:00:00 GMT+0200 (centraleuropeisk sommartid),63338
Tue Jul 16 2019 02:00:00 GMT+0200 (centraleuropeisk sommartid),46338
Wed Jul 17 2019 02:00:00 GMT+0200 (centraleuropeisk sommartid),42500
Thu Jul 18 2019 02:00:00 GMT+0200 (centraleuropeisk sommartid),28964
Fri Jul 19 2019 02:00:00 GMT+0200 (centraleuropeisk sommartid),24790
Sat Jul 20 2019 02:00:00 GMT+0200 (centraleuropeisk sommartid),23550
Sun Jul 21 2019 02:00:00 GMT+0200 (centraleuropeisk sommartid),42201
Mon Jul 22 2019 02:00:00 GMT+0200 (centraleuropeisk sommartid),38926
Tue Jul 23 2019 02:00:00 GMT+0200 (centraleuropeisk sommartid),26090
Wed Jul 24 2019 02:00:00 GMT+0200 (centraleuropeisk sommartid),28478
Thu Jul 25 2019 02:00:00 GMT+0200 (centraleuropeisk sommartid),41901
Fri Jul 26 2019 02:00:00 GMT+0200 (centraleuropeisk sommartid),41214
Sat Jul 27 2019 02:00:00 GMT+0200 (centraleuropeisk sommartid),32514
Sun Jul 28 2019 02:00:00 GMT+0200 (centraleuropeisk sommartid),32714
Mon Jul 29 2019 02:00:00 GMT+0200 (centraleuropeisk sommartid),17976
Tue Jul 30 2019 02:00:00 GMT+0200 (centraleuropeisk sommartid),27303
Wed Jul 31 2019 02:00:00 GMT+0200 (centraleuropeisk sommartid),27926
Thu Aug 01 2019 02:00:00 GMT+0200 (centraleuropeisk sommartid),22788
Fri Aug 02 2019 02:00:00 GMT+0200 (centraleuropeisk sommartid),27926
Sat Aug 03 2019 02:00:00 GMT+0200 (centraleuropeisk sommartid),47713
Sun Aug 04 2019 02:00:00 GMT+0200 (centraleuropeisk sommartid),34876
Mon Aug 05 2019 02:00:00 GMT+0200 (centraleuropeisk sommartid),38638
Tue Aug 06 2019 02:00:00 GMT+0200 (centraleuropeisk sommartid),54675
Wed Aug 07 2019 02:00:00 GMT+0200 (centraleuropeisk sommartid),13214
Thu Aug 08 2019 02:00:00 GMT+0200 (centraleuropeisk sommartid),40552
Fri Aug 09 2019 02:00:00 GMT+0200 (centraleuropeisk sommartid),25365
Sat Aug 10 2019 02:00:00 GMT+0200 (centraleuropeisk sommartid),32701
Sun Aug 11 2019 02:00:00 GMT+0200 (centraleuropeisk sommartid),39439
Mon Aug 12 2019 02:00:00 GMT+0200 (centraleuropeisk sommartid),38613
Tue Aug 13 2019 02:00:00 GMT+0200 (centraleuropeisk sommartid),39964
Wed Aug 14 2019 02:00:00 GMT+0200 (centraleuropeisk sommartid),32776
Thu Aug 15 2019 02:00:00 GMT+0200 (centraleuropeisk sommartid),57464
Fri Aug 16 2019 02:00:00 GMT+0200 (centraleuropeisk sommartid),33125
Sat Aug 17 2019 02:00:00 GMT+0200 (centraleuropeisk sommartid),18290
Sun Aug 18 2019 02:00:00 GMT+0200 (centraleuropeisk sommartid),36127
Mon Aug 19 2019 02:00:00 GMT+0200 (centraleuropeisk sommartid),46213
Tue Aug 20 2019 02:00:00 GMT+0200 (centraleuropeisk sommartid),28550
Wed Aug 21 2019 02:00:00 GMT+0200 (centraleuropeisk sommartid),44076
Thu Aug 22 2019 02:00:00 GMT+0200 (centraleuropeisk sommartid),33651
Fri Aug 23 2019 02:00:00 GMT+0200 (centraleuropeisk sommartid),19776
Sat Aug 24 2019 02:00:00 GMT+0200 (centraleuropeisk sommartid),38826
Sun Aug 25 2019 02:00:00 GMT+0200 (centraleuropeisk sommartid),62400
Mon Aug 26 2019 02:00:00 GMT+0200 (centraleuropeisk sommartid),32753
Tue Aug 27 2019 02:00:00 GMT+0200 (centraleuropeisk sommartid),28226
Wed Aug 28 2019 02:00:00 GMT+0200 (centraleuropeisk sommartid),35064
Thu Aug 29 2019 02:00:00 GMT+0200 (centraleuropeisk sommartid),25688
Fri Aug 30 2019 02:00:00 GMT+0200 (centraleuropeisk sommartid),53600
Sat Aug 31 2019 02:00:00 GMT+0200 (centraleuropeisk sommartid),24950
Sun Sep 01 2019 02:00:00 GMT+0200 (centraleuropeisk sommartid),34014
Mon Sep 02 2019 02:00:00 GMT+0200 (centraleuropeisk sommartid),29976
Tue Sep 03 2019 02:00:00 GMT+0200 (centraleuropeisk sommartid),26838
Wed Sep 04 2019 02:00:00 GMT+0200 (centraleuropeisk sommartid),25064
Thu Sep 05 2019 02:00:00 GMT+0200 (centraleuropeisk sommartid),53177
Fri Sep 06 2019 02:00:00 GMT+0200 (centraleuropeisk sommartid),22164
Sat Sep 07 2019 02:00:00 GMT+0200 (centraleuropeisk sommartid),28689
Sun Sep 08 2019 02:00:00 GMT+0200 (centraleuropeisk sommartid),48013
Mon Sep 09 2019 02:00:00 GMT+0200 (centraleuropeisk sommartid),35275
Tue Sep 10 2019 02:00:00 GMT+0200 (centraleuropeisk sommartid),44003
Wed Sep 11 2019 02:00:00 GMT+0200 (centraleuropeisk sommartid),27788
Thu Sep 12 2019 02:00:00 GMT+0200 (centraleuropeisk sommartid),31551
Fri Sep 13 2019 02:00:00 GMT+0200 (centraleuropeisk sommartid),45052
Sat Sep 14 2019 02:00:00 GMT+0200 (centraleuropeisk sommartid),56552
Sun Sep 15 2019 02:00:00 GMT+0200 (centraleuropeisk sommartid),22838
Mon Sep 16 2019 02:00:00 GMT+0200 (centraleuropeisk sommartid),69015
Tue Sep 17 2019 02:00:00 GMT+0200 (centraleuropeisk sommartid),22253
Wed Sep 18 2019 02:00:00 GMT+0200 (centraleuropeisk sommartid),32839
Thu Sep 19 2019 02:00:00 GMT+0200 (centraleuropeisk sommartid),42538
Fri Sep 20 2019 02:00:00 GMT+0200 (centraleuropeisk sommartid),29239
Sat Sep 21 2019 02:00:00 GMT+0200 (centraleuropeisk sommartid),14814
Sun Sep 22 2019 02:00:00 GMT+0200 (centraleuropeisk sommartid),28713
Mon Sep 23 2019 02:00:00 GMT+0200 (centraleuropeisk sommartid),30377
Tue Sep 24 2019 02:00:00 GMT+0200 (centraleuropeisk sommartid),32138
Wed Sep 25 2019 02:00:00 GMT+0200 (centraleuropeisk sommartid),31451
Thu Sep 26 2019 02:00:00 GMT+0200 (centraleuropeisk sommartid),35326
Fri Sep 27 2019 02:00:00 GMT+0200 (centraleuropeisk sommartid),23502
Sat Sep 28 2019 02:00:00 GMT+0200 (centraleuropeisk sommartid),21225
Sun Sep 29 2019 02:00:00 GMT+0200 (centraleuropeisk sommartid),39189
Mon Sep 30 2019 02:00:00 GMT+0200 (centraleuropeisk sommartid),40726
Tue Oct 01 2019 02:00:00 GMT+0200 (centraleuropeisk sommartid),27476
Wed Oct 02 2019 02:00:00 GMT+0200 (centraleuropeisk sommartid),31451
Thu Oct 03 2019 02:00:00 GMT+0200 (centraleuropeisk sommartid),64701
Fri Oct 04 2019 02:00:00 GMT+0200 (centraleuropeisk sommartid),30788
Sat Oct 05 2019 02:00:00 GMT+0200 (centraleuropeisk sommartid),47454
Sun Oct 06 2019 02:00:00 GMT+0200 (centraleuropeisk sommartid),58002
Mon Oct 07 2019 02:00:00 GMT+0200 (centraleuropeisk sommartid),20250
Tue Oct 08 2019 02:00:00 GMT+0200 (centraleuropeisk sommartid),44450
Wed Oct 09 2019 02:00:00 GMT+0200 (centraleuropeisk sommartid),28939
Thu Oct 10 2019 02:00:00 GMT+0200 (centraleuropeisk sommartid),45651
Fri Oct 11 2019 02:00:00 GMT+0200 (centraleuropeisk sommartid),50089
Sat Oct 12 2019 02:00:00 GMT+0200 (centraleuropeisk sommartid),42313
Sun Oct 13 2019 02:00:00 GMT+0200 (centraleuropeisk sommartid),33675
Mon Oct 14 2019 02:00:00 GMT+0200 (centraleuropeisk sommartid),36776
Tue Oct 15 2019 02:00:00 GMT+0200 (centraleuropeisk sommartid),31889
Wed Oct 16 2019 02:00:00 GMT+0200 (centraleuropeisk sommartid),34676
Thu Oct 17 2019 02:00:00 GMT+0200 (centraleuropeisk sommartid),16038
Fri Oct 18 2019 02:00:00 GMT+0200 (centraleuropeisk sommartid),33026
Sat Oct 19 2019 02:00:00 GMT+0200 (centraleuropeisk sommartid),46913
Sun Oct 20 2019 02:00:00 GMT+0200 (centraleuropeisk sommartid),42451
Mon Oct 21 2019 02:00:00 GMT+0200 (centraleuropeisk sommartid),45976
Tue Oct 22 2019 02:00:00 GMT+0200 (centraleuropeisk sommartid),38552
Wed Oct 23 2019 02:00:00 GMT+0200 (centraleuropeisk sommartid),19377
Thu Oct 24 2019 02:00:00 GMT+0200 (centraleuropeisk sommartid),26188
Fri Oct 25 2019 02:00:00 GMT+0200 (centraleuropeisk sommartid),38025
Sat Oct 26 2019 02:00:00 GMT+0200 (centraleuropeisk sommartid),58590
Sun Oct 27 2019 02:00:00 GMT+0200 (centraleuropeisk sommartid),26826
Mon Oct 28 2019 01:00:00 GMT+0100 (centraleuropeisk normaltid),38050
Tue Oct 29 2019 01:00:00 GMT+0100 (centraleuropeisk normaltid),39714
Wed Oct 30 2019 01:00:00 GMT+0100 (centraleuropeisk normaltid),50038
Thu Oct 31 2019 01:00:00 GMT+0100 (centraleuropeisk normaltid),45366
Fri Nov 01 2019 01:00:00 GMT+0100 (centraleuropeisk normaltid),89916
Sat Nov 02 2019 01:00:00 GMT+0100 (centraleuropeisk normaltid),96703
Sun Nov 03 2019 01:00:00 GMT+0100 (centraleuropeisk normaltid),72291
Mon Nov 04 2019 01:00:00 GMT+0100 (centraleuropeisk normaltid),104341
Tue Nov 05 2019 01:00:00 GMT+0100 (centraleuropeisk normaltid),66816
Wed Nov 06 2019 01:00:00 GMT+0100 (centraleuropeisk normaltid),60788
Thu Nov 07 2019 01:00:00 GMT+0100 (centraleuropeisk normaltid),91690
Fri Nov 08 2019 01:00:00 GMT+0100 (centraleuropeisk normaltid),89177
Sat Nov 09 2019 01:00:00 GMT+0100 (centraleuropeisk normaltid),66651
Sun Nov 10 2019 01:00:00 GMT+0100 (centraleuropeisk normaltid),67952
Mon Nov 11 2019 01:00:00 GMT+0100 (centraleuropeisk normaltid),97226
Tue Nov 12 2019 01:00:00 GMT+0100 (centraleuropeisk normaltid),82665
Wed Nov 13 2019 01:00:00 GMT+0100 (centraleuropeisk normaltid),95491
Thu Nov 14 2019 01:00:00 GMT+0100 (centraleuropeisk normaltid),89515
Fri Nov 15 2019 01:00:00 GMT+0100 (centraleuropeisk normaltid),64777
Sat Nov 16 2019 01:00:00 GMT+0100 (centraleuropeisk normaltid),78752
Sun Nov 17 2019 01:00:00 GMT+0100 (centraleuropeisk normaltid),44388
Mon Nov 18 2019 01:00:00 GMT+0100 (centraleuropeisk normaltid),66463
Tue Nov 19 2019 01:00:00 GMT+0100 (centraleuropeisk normaltid),74239
Wed Nov 20 2019 01:00:00 GMT+0100 (centraleuropeisk normaltid),87078
Thu Nov 21 2019 01:00:00 GMT+0100 (centraleuropeisk normaltid),68388
Fri Nov 22 2019 01:00:00 GMT+0100 (centraleuropeisk normaltid),44740
Sat Nov 23 2019 01:00:00 GMT+0100 (centraleuropeisk normaltid),66939
Sun Nov 24 2019 01:00:00 GMT+0100 (centraleuropeisk normaltid),90727
Mon Nov 25 2019 01:00:00 GMT+0100 (centraleuropeisk normaltid),52339
Tue Nov 26 2019 01:00:00 GMT+0100 (centraleuropeisk normaltid),81240
Wed Nov 27 2019 01:00:00 GMT+0100 (centraleuropeisk normaltid),97002
Thu Nov 28 2019 01:00:00 GMT+0100 (centraleuropeisk normaltid),85877
Fri Nov 29 2019 01:00:00 GMT+0100 (centraleuropeisk normaltid),101929
Sat Nov 30 2019 01:00:00 GMT+0100 (centraleuropeisk normaltid),57452
Sun Dec 01 2019 01:00:00 GMT+0100 (centraleuropeisk normaltid),78964
Mon Dec 02 2019 01:00:00 GMT+0100 (centraleuropeisk normaltid),67940
Tue Dec 03 2019 01:00:00 GMT+0100 (centraleuropeisk normaltid),55476
Wed Dec 04 2019 01:00:00 GMT+0100 (centraleuropeisk normaltid),46190
Thu Dec 05 2019 01:00:00 GMT+0100 (centraleuropeisk normaltid),75652
Fri Dec 06 2019 01:00:00 GMT+0100 (centraleuropeisk normaltid),38051
Sat Dec 07 2019 01:00:00 GMT+0100 (centraleuropeisk normaltid),36353
Sun Dec 08 2019 01:00:00 GMT+0100 (centraleuropeisk normaltid),42601
Mon Dec 09 2019 01:00:00 GMT+0100 (centraleuropeisk normaltid),65954
Tue Dec 10 2019 01:00:00 GMT+0100 (centraleuropeisk normaltid),100026
Wed Dec 11 2019 01:00:00 GMT+0100 (centraleuropeisk normaltid),56525
Thu Dec 12 2019 01:00:00 GMT+0100 (centraleuropeisk normaltid),40200
Fri Dec 13 2019 01:00:00 GMT+0100 (centraleuropeisk normaltid),60366
Sat Dec 14 2019 01:00:00 GMT+0100 (centraleuropeisk normaltid),66741
Sun Dec 15 2019 01:00:00 GMT+0100 (centraleuropeisk normaltid),83990
Mon Dec 16 2019 01:00:00 GMT+0100 (centraleuropeisk normaltid),73001
Tue Dec 17 2019 01:00:00 GMT+0100 (centraleuropeisk normaltid),64738
Wed Dec 18 2019 01:00:00 GMT+0100 (centraleuropeisk normaltid),49127
Thu Dec 19 2019 01:00:00 GMT+0100 (centraleuropeisk normaltid),67191
Fri Dec 20 2019 01:00:00 GMT+0100 (centraleuropeisk normaltid),56051
Sat Dec 21 2019 01:00:00 GMT+0100 (centraleuropeisk normaltid),62301
Sun Dec 22 2019 01:00:00 GMT+0100 (centraleuropeisk normaltid),82416
Mon Dec 23 2019 01:00:00 GMT+0100 (centraleuropeisk normaltid),54139
Tue Dec 24 2019 01:00:00 GMT+0100 (centraleuropeisk normaltid),41453
Wed Dec 25 2019 01:00:00 GMT+0100 (centraleuropeisk normaltid),43525
Thu Dec 26 2019 01:00:00 GMT+0100 (centraleuropeisk normaltid),60390
Fri Dec 27 2019 01:00:00 GMT+0100 (centraleuropeisk normaltid),47500
Sat Dec 28 2019 01:00:00 GMT+0100 (centraleuropeisk normaltid),72889
Sun Dec 29 2019 01:00:00 GMT+0100 (centraleuropeisk normaltid),68142
Mon Dec 30 2019 01:00:00 GMT+0100 (centraleuropeisk normaltid),75951
Tue Dec 31 2019 01:00:00 GMT+0100 (centraleuropeisk normaltid),76514
Wed Jan 01 2020 01:00:00 GMT+0100 (centraleuropeisk normaltid),36913
Thu Jan 02 2020 01:00:00 GMT+0100 (centraleuropeisk normaltid),32363
Fri Jan 03 2020 01:00:00 GMT+0100 (centraleuropeisk normaltid),36463
Sat Jan 04 2020 01:00:00 GMT+0100 (centraleuropeisk normaltid),21301
Sun Jan 05 2020 01:00:00 GMT+0100 (centraleuropeisk normaltid),46713
Mon Jan 06 2020 01:00:00 GMT+0100 (centraleuropeisk normaltid),22514
Tue Jan 07 2020 01:00:00 GMT+0100 (centraleuropeisk normaltid),17750
Wed Jan 08 2020 01:00:00 GMT+0100 (centraleuropeisk normaltid),38990
Thu Jan 09 2020 01:00:00 GMT+0100 (centraleuropeisk normaltid),44277
Fri Jan 10 2020 01:00:00 GMT+0100 (centraleuropeisk normaltid),41626
Sat Jan 11 2020 01:00:00 GMT+0100 (centraleuropeisk normaltid),36288
Sun Jan 12 2020 01:00:00 GMT+0100 (centraleuropeisk normaltid),20263
Mon Jan 13 2020 01:00:00 GMT+0100 (centraleuropeisk normaltid),25001
Tue Jan 14 2020 01:00:00 GMT+0100 (centraleuropeisk normaltid),24054
Wed Jan 15 2020 01:00:00 GMT+0100 (centraleuropeisk normaltid),28741
Thu Jan 16 2020 01:00:00 GMT+0100 (centraleuropeisk normaltid),30601
Fri Jan 17 2020 01:00:00 GMT+0100 (centraleuropeisk normaltid),44425
Sat Jan 18 2020 01:00:00 GMT+0100 (centraleuropeisk normaltid),59250
Sun Jan 19 2020 01:00:00 GMT+0100 (centraleuropeisk normaltid),21138
Mon Jan 20 2020 01:00:00 GMT+0100 (centraleuropeisk normaltid),37101
Tue Jan 21 2020 01:00:00 GMT+0100 (centraleuropeisk normaltid),33566
Wed Jan 22 2020 01:00:00 GMT+0100 (centraleuropeisk normaltid),30789
Thu Jan 23 2020 01:00:00 GMT+0100 (centraleuropeisk normaltid),44813
Fri Jan 24 2020 01:00:00 GMT+0100 (centraleuropeisk normaltid),35825
Sat Jan 25 2020 01:00:00 GMT+0100 (centraleuropeisk normaltid),39251
Sun Jan 26 2020 01:00:00 GMT+0100 (centraleuropeisk normaltid),37051
Mon Jan 27 2020 01:00:00 GMT+0100 (centraleuropeisk normaltid),38700
Tue Jan 28 2020 01:00:00 GMT+0100 (centraleuropeisk normaltid),31714
Wed Jan 29 2020 01:00:00 GMT+0100 (centraleuropeisk normaltid),49703
Thu Jan 30 2020 01:00:00 GMT+0100 (centraleuropeisk normaltid),63763
Fri Jan 31 2020 01:00:00 GMT+0100 (centraleuropeisk normaltid),39566
Sat Feb 01 2020 01:00:00 GMT+0100 (centraleuropeisk normaltid),26050
Sun Feb 02 2020 01:00:00 GMT+0100 (centraleuropeisk normaltid),14838
Mon Feb 03 2020 01:00:00 GMT+0100 (centraleuropeisk normaltid),16801
Tue Feb 04 2020 01:00:00 GMT+0100 (centraleuropeisk normaltid),17600
Wed Feb 05 2020 01:00:00 GMT+0100 (centraleuropeisk normaltid),12500
Thu Feb 06 2020 01:00:00 GMT+0100 (centraleuropeisk normaltid),28500
Fri Feb 07 2020 01:00:00 GMT+0100 (centraleuropeisk normaltid),19501
Sat Feb 08 2020 01:00:00 GMT+0100 (centraleuropeisk normaltid),17763
Sun Feb 09 2020 01:00:00 GMT+0100 (centraleuropeisk normaltid),30663
Mon Feb 10 2020 01:00:00 GMT+0100 (centraleuropeisk normaltid),13500
Tue Feb 11 2020 01:00:00 GMT+0100 (centraleuropeisk normaltid),28613
Wed Feb 12 2020 01:00:00 GMT+0100 (centraleuropeisk normaltid),10425
Thu Feb 13 2020 01:00:00 GMT+0100 (centraleuropeisk normaltid),23913
Fri Feb 14 2020 01:00:00 GMT+0100 (centraleuropeisk normaltid),5001
Sat Feb 15 2020 01:00:00 GMT+0100 (centraleuropeisk normaltid),20175
Sun Feb 16 2020 01:00:00 GMT+0100 (centraleuropeisk normaltid),11651
Mon Feb 17 2020 01:00:00 GMT+0100 (centraleuropeisk normaltid),15325
Tue Feb 18 2020 01:00:00 GMT+0100 (centraleuropeisk normaltid),16989
Wed Feb 19 2020 01:00:00 GMT+0100 (centraleuropeisk normaltid),13350
Thu Feb 20 2020 01:00:00 GMT+0100 (centraleuropeisk normaltid),25450
Fri Feb 21 2020 01:00:00 GMT+0100 (centraleuropeisk normaltid),12813
Sat Feb 22 2020 01:00:00 GMT+0100 (centraleuropeisk normaltid),10050
Sun Feb 23 2020 01:00:00 GMT+0100 (centraleuropeisk normaltid),12338
Mon Feb 24 2020 01:00:00 GMT+0100 (centraleuropeisk normaltid),9125
Tue Feb 25 2020 01:00:00 GMT+0100 (centraleuropeisk normaltid),11414
Wed Feb 26 2020 01:00:00 GMT+0100 (centraleuropeisk normaltid),12538
Thu Feb 27 2020 01:00:00 GMT+0100 (centraleuropeisk normaltid),15275
Fri Feb 28 2020 01:00:00 GMT+0100 (centraleuropeisk normaltid),18113
Sun Mar 01 2020 01:00:00 GMT+0100 (centraleuropeisk normaltid),18600
Mon Mar 02 2020 01:00:00 GMT+0100 (centraleuropeisk normaltid),27663
Tue Mar 03 2020 01:00:00 GMT+0100 (centraleuropeisk normaltid),24626
Wed Mar 04 2020 01:00:00 GMT+0100 (centraleuropeisk normaltid),12275
Thu Mar 05 2020 01:00:00 GMT+0100 (centraleuropeisk normaltid),16938
Fri Mar 06 2020 01:00:00 GMT+0100 (centraleuropeisk normaltid),10375
Sat Mar 07 2020 01:00:00 GMT+0100 (centraleuropeisk normaltid),21701
Sun Mar 08 2020 01:00:00 GMT+0100 (centraleuropeisk normaltid),31125
Mon Mar 09 2020 01:00:00 GMT+0100 (centraleuropeisk normaltid),24988
Tue Mar 10 2020 01:00:00 GMT+0100 (centraleuropeisk normaltid),11664
Wed Mar 11 2020 01:00:00 GMT+0100 (centraleuropeisk normaltid),20352
Thu Mar 12 2020 01:00:00 GMT+0100 (centraleuropeisk normaltid),31713
Fri Mar 13 2020 01:00:00 GMT+0100 (centraleuropeisk normaltid),31852
Sat Mar 14 2020 01:00:00 GMT+0100 (centraleuropeisk normaltid),17289
Sun Mar 15 2020 01:00:00 GMT+0100 (centraleuropeisk normaltid),22988
Mon Mar 16 2020 01:00:00 GMT+0100 (centraleuropeisk normaltid),5677
Tue Mar 17 2020 01:00:00 GMT+0100 (centraleuropeisk normaltid),12801
Wed Mar 18 2020 01:00:00 GMT+0100 (centraleuropeisk normaltid),13025
Thu Mar 19 2020 01:00:00 GMT+0100 (centraleuropeisk normaltid),28338
Fri Mar 20 2020 01:00:00 GMT+0100 (centraleuropeisk normaltid),14088
Sat Mar 21 2020 01:00:00 GMT+0100 (centraleuropeisk normaltid),17801
Sun Mar 22 2020 01:00:00 GMT+0100 (centraleuropeisk normaltid),20775
Mon Mar 23 2020 01:00:00 GMT+0100 (centraleuropeisk normaltid),22175
Tue Mar 24 2020 01:00:00 GMT+0100 (centraleuropeisk normaltid),13576
Wed Mar 25 2020 01:00:00 GMT+0100 (centraleuropeisk normaltid),20075
Thu Mar 26 2020 01:00:00 GMT+0100 (centraleuropeisk normaltid),11825
Fri Mar 27 2020 01:00:00 GMT+0100 (centraleuropeisk normaltid),13988
Sat Mar 28 2020 01:00:00 GMT+0100 (centraleuropeisk normaltid),22225
Sun Mar 29 2020 01:00:00 GMT+0100 (centraleuropeisk normaltid),13413
Mon Mar 30 2020 02:00:00 GMT+0200 (centraleuropeisk sommartid),25876
Tue Mar 31 2020 02:00:00 GMT+0200 (centraleuropeisk sommartid),28100
Wed Apr 01 2020 02:00:00 GMT+0200 (centraleuropeisk sommartid),38575
Thu Apr 02 2020 02:00:00 GMT+0200 (centraleuropeisk sommartid),37779
Fri Apr 03 2020 02:00:00 GMT+0200 (centraleuropeisk sommartid),44475
Sat Apr 04 2020 02:00:00 GMT+0200 (centraleuropeisk sommartid),40090
Sun Apr 05 2020 02:00:00 GMT+0200 (centraleuropeisk sommartid),28825
Mon Apr 06 2020 02:00:00 GMT+0200 (centraleuropeisk sommartid),38290
Tue Apr 07 2020 02:00:00 GMT+0200 (centraleuropeisk sommartid),51050
Wed Apr 08 2020 02:00:00 GMT+0200 (centraleuropeisk sommartid),36050
Thu Apr 09 2020 02:00:00 GMT+0200 (centraleuropeisk sommartid),21539
Fri Apr 10 2020 02:00:00 GMT+0200 (centraleuropeisk sommartid),15864
Sat Apr 11 2020 02:00:00 GMT+0200 (centraleuropeisk sommartid),43850
Sun Apr 12 2020 02:00:00 GMT+0200 (centraleuropeisk sommartid),22064
Mon Apr 13 2020 02:00:00 GMT+0200 (centraleuropeisk sommartid),30151
Tue Apr 14 2020 02:00:00 GMT+0200 (centraleuropeisk sommartid),27775
Wed Apr 15 2020 02:00:00 GMT+0200 (centraleuropeisk sommartid),49126
Thu Apr 16 2020 02:00:00 GMT+0200 (centraleuropeisk sommartid),38388
Fri Apr 17 2020 02:00:00 GMT+0200 (centraleuropeisk sommartid),19727
Sat Apr 18 2020 02:00:00 GMT+0200 (centraleuropeisk sommartid),22402
Sun Apr 19 2020 02:00:00 GMT+0200 (centraleuropeisk sommartid),55589
Mon Apr 20 2020 02:00:00 GMT+0200 (centraleuropeisk sommartid),25675
Tue Apr 21 2020 02:00:00 GMT+0200 (centraleuropeisk sommartid),22926
Wed Apr 22 2020 02:00:00 GMT+0200 (centraleuropeisk sommartid),19839
Thu Apr 23 2020 02:00:00 GMT+0200 (centraleuropeisk sommartid),43676
Fri Apr 24 2020 02:00:00 GMT+0200 (centraleuropeisk sommartid),51989
Sat Apr 25 2020 02:00:00 GMT+0200 (centraleuropeisk sommartid),18176
Sun Apr 26 2020 02:00:00 GMT+0200 (centraleuropeisk sommartid),27488
Mon Apr 27 2020 02:00:00 GMT+0200 (centraleuropeisk sommartid),36763
Tue Apr 28 2020 02:00:00 GMT+0200 (centraleuropeisk sommartid),40115
Wed Apr 29 2020 02:00:00 GMT+0200 (centraleuropeisk sommartid),28838
Thu Apr 30 2020 02:00:00 GMT+0200 (centraleuropeisk sommartid),38251
Fri May 01 2020 02:00:00 GMT+0200 (centraleuropeisk sommartid),53175
Sat May 02 2020 02:00:00 GMT+0200 (centraleuropeisk sommartid),54093
Sun May 03 2020 02:00:00 GMT+0200 (centraleuropeisk sommartid),44364
Mon May 04 2020 02:00:00 GMT+0200 (centraleuropeisk sommartid),43789
Tue May 05 2020 02:00:00 GMT+0200 (centraleuropeisk sommartid),30939
Wed May 06 2020 02:00:00 GMT+0200 (centraleuropeisk sommartid),51276
Thu May 07 2020 02:00:00 GMT+0200 (centraleuropeisk sommartid),58626
Fri May 08 2020 02:00:00 GMT+0200 (centraleuropeisk sommartid),45414
Sat May 09 2020 02:00:00 GMT+0200 (centraleuropeisk sommartid),36976
Sun May 10 2020 02:00:00 GMT+0200 (centraleuropeisk sommartid),56763
Mon May 11 2020 02:00:00 GMT+0200 (centraleuropeisk sommartid),36513
Tue May 12 2020 02:00:00 GMT+0200 (centraleuropeisk sommartid),51663
Wed May 13 2020 02:00:00 GMT+0200 (centraleuropeisk sommartid),32077
Thu May 14 2020 02:00:00 GMT+0200 (centraleuropeisk sommartid),37926
Fri May 15 2020 02:00:00 GMT+0200 (centraleuropeisk sommartid),40652
Sat May 16 2020 02:00:00 GMT+0200 (centraleuropeisk sommartid),28814
Sun May 17 2020 02:00:00 GMT+0200 (centraleuropeisk sommartid),47427
Mon May 18 2020 02:00:00 GMT+0200 (centraleuropeisk sommartid),56714
Tue May 19 2020 02:00:00 GMT+0200 (centraleuropeisk sommartid),46302
Wed May 20 2020 02:00:00 GMT+0200 (centraleuropeisk sommartid),67440
Thu May 21 2020 02:00:00 GMT+0200 (centraleuropeisk sommartid),38527
Fri May 22 2020 02:00:00 GMT+0200 (centraleuropeisk sommartid),45777
Sat May 23 2020 02:00:00 GMT+0200 (centraleuropeisk sommartid),57577
Sun May 24 2020 02:00:00 GMT+0200 (centraleuropeisk sommartid),45015
Mon May 25 2020 02:00:00 GMT+0200 (centraleuropeisk sommartid),51350
Tue May 26 2020 02:00:00 GMT+0200 (centraleuropeisk sommartid),36777
Wed May 27 2020 02:00:00 GMT+0200 (centraleuropeisk sommartid),50663
Thu May 28 2020 02:00:00 GMT+0200 (centraleuropeisk sommartid),40776
Fri May 29 2020 02:00:00 GMT+0200 (centraleuropeisk sommartid),53676
Sat May 30 2020 02:00:00 GMT+0200 (centraleuropeisk sommartid),47090
Sun May 31 2020 02:00:00 GMT+0200 (centraleuropeisk sommartid),49065
Mon Jun 01 2020 02:00:00 GMT+0200 (centraleuropeisk sommartid),31875
Tue Jun 02 2020 02:00:00 GMT+0200 (centraleuropeisk sommartid),66240
Wed Jun 03 2020 02:00:00 GMT+0200 (centraleuropeisk sommartid),46378
Thu Jun 04 2020 02:00:00 GMT+0200 (centraleuropeisk sommartid),36713
Fri Jun 05 2020 02:00:00 GMT+0200 (centraleuropeisk sommartid),20626
Sat Jun 06 2020 02:00:00 GMT+0200 (centraleuropeisk sommartid),50363
Sun Jun 07 2020 02:00:00 GMT+0200 (centraleuropeisk sommartid),53403
Mon Jun 08 2020 02:00:00 GMT+0200 (centraleuropeisk sommartid),46476
Tue Jun 09 2020 02:00:00 GMT+0200 (centraleuropeisk sommartid),54889
Wed Jun 10 2020 02:00:00 GMT+0200 (centraleuropeisk sommartid),45615
Thu Jun 11 2020 02:00:00 GMT+0200 (centraleuropeisk sommartid),47326
Fri Jun 12 2020 02:00:00 GMT+0200 (centraleuropeisk sommartid),52052
Sat Jun 13 2020 02:00:00 GMT+0200 (centraleuropeisk sommartid),46075
Sun Jun 14 2020 02:00:00 GMT+0200 (centraleuropeisk sommartid),36078
Mon Jun 15 2020 02:00:00 GMT+0200 (centraleuropeisk sommartid),61615
Tue Jun 16 2020 02:00:00 GMT+0200 (centraleuropeisk sommartid),39989
Wed Jun 17 2020 02:00:00 GMT+0200 (centraleuropeisk sommartid),44903
Thu Jun 18 2020 02:00:00 GMT+0200 (centraleuropeisk sommartid),31413
Fri Jun 19 2020 02:00:00 GMT+0200 (centraleuropeisk sommartid),44815
Sat Jun 20 2020 02:00:00 GMT+0200 (centraleuropeisk sommartid),38702
Sun Jun 21 2020 02:00:00 GMT+0200 (centraleuropeisk sommartid),41290
Mon Jun 22 2020 02:00:00 GMT+0200 (centraleuropeisk sommartid),38364
Tue Jun 23 2020 02:00:00 GMT+0200 (centraleuropeisk sommartid),61927
Wed Jun 24 2020 02:00:00 GMT+0200 (centraleuropeisk sommartid),54213
Thu Jun 25 2020 02:00:00 GMT+0200 (centraleuropeisk sommartid),52927
Fri Jun 26 2020 02:00:00 GMT+0200 (centraleuropeisk sommartid),61126
Sat Jun 27 2020 02:00:00 GMT+0200 (centraleuropeisk sommartid),41238
Sun Jun 28 2020 02:00:00 GMT+0200 (centraleuropeisk sommartid),54702
Mon Jun 29 2020 02:00:00 GMT+0200 (centraleuropeisk sommartid),68652
Tue Jun 30 2020 02:00:00 GMT+0200 (centraleuropeisk sommartid),44101
Wed Jul 01 2020 02:00:00 GMT+0200 (centraleuropeisk sommartid),43326
Thu Jul 02 2020 02:00:00 GMT+0200 (centraleuropeisk sommartid),26289
Fri Jul 03 2020 02:00:00 GMT+0200 (centraleuropeisk sommartid),53240
Sat Jul 04 2020 02:00:00 GMT+0200 (centraleuropeisk sommartid),36463
Sun Jul 05 2020 02:00:00 GMT+0200 (centraleuropeisk sommartid),33428
Mon Jul 06 2020 02:00:00 GMT+0200 (centraleuropeisk sommartid),48864
Tue Jul 07 2020 02:00:00 GMT+0200 (centraleuropeisk sommartid),26026
Wed Jul 08 2020 02:00:00 GMT+0200 (centraleuropeisk sommartid),40489
Thu Jul 09 2020 02:00:00 GMT+0200 (centraleuropeisk sommartid),20839
Fri Jul 10 2020 02:00:00 GMT+0200 (centraleuropeisk sommartid),31664
Sat Jul 11 2020 02:00:00 GMT+0200 (centraleuropeisk sommartid),41825
Sun Jul 12 2020 02:00:00 GMT+0200 (centraleuropeisk sommartid),43314
Mon Jul 13 2020 02:00:00 GMT+0200 (centraleuropeisk sommartid),30251
Tue Jul 14 2020 02:00:00 GMT+0200 (centraleuropeisk sommartid),49915
Wed Jul 15 2020 02:00:00 GMT+0200 (centraleuropeisk sommartid),10901
Thu Jul 16 2020 02:00:00 GMT+0200 (centraleuropeisk sommartid),37751
Fri Jul 17 2020 02:00:00 GMT+0200 (centraleuropeisk sommartid),22425
Sat Jul 18 2020 02:00:00 GMT+0200 (centraleuropeisk sommartid),36326
Sun Jul 19 2020 02:00:00 GMT+0200 (centraleuropeisk sommartid),21990
Mon Jul 20 2020 02:00:00 GMT+0200 (centraleuropeisk sommartid),38564
Tue Jul 21 2020 02:00:00 GMT+0200 (centraleuropeisk sommartid),33651
Wed Jul 22 2020 02:00:00 GMT+0200 (centraleuropeisk sommartid),70051
Thu Jul 23 2020 02:00:00 GMT+0200 (centraleuropeisk sommartid),48301
Fri Jul 24 2020 02:00:00 GMT+0200 (centraleuropeisk sommartid),21964
Sat Jul 25 2020 02:00:00 GMT+0200 (centraleuropeisk sommartid),40415
Sun Jul 26 2020 02:00:00 GMT+0200 (centraleuropeisk sommartid),39689
Mon Jul 27 2020 02:00:00 GMT+0200 (centraleuropeisk sommartid),38601
Tue Jul 28 2020 02:00:00 GMT+0200 (centraleuropeisk sommartid),34727
Wed Jul 29 2020 02:00:00 GMT+0200 (centraleuropeisk sommartid),23965
Thu Jul 30 2020 02:00:00 GMT+0200 (centraleuropeisk sommartid),23163
Fri Jul 31 2020 02:00:00 GMT+0200 (centraleuropeisk sommartid),21764
Sat Aug 01 2020 02:00:00 GMT+0200 (centraleuropeisk sommartid),32875
Sun Aug 02 2020 02:00:00 GMT+0200 (centraleuropeisk sommartid),55163
Mon Aug 03 2020 02:00:00 GMT+0200 (centraleuropeisk sommartid),41563
Tue Aug 04 2020 02:00:00 GMT+0200 (centraleuropeisk sommartid),44675
Wed Aug 05 2020 02:00:00 GMT+0200 (centraleuropeisk sommartid),54400
Thu Aug 06 2020 02:00:00 GMT+0200 (centraleuropeisk sommartid),51826
Fri Aug 07 2020 02:00:00 GMT+0200 (centraleuropeisk sommartid),29226
Sat Aug 08 2020 02:00:00 GMT+0200 (centraleuropeisk sommartid),47914
Sun Aug 09 2020 02:00:00 GMT+0200 (centraleuropeisk sommartid),37700
Mon Aug 10 2020 02:00:00 GMT+0200 (centraleuropeisk sommartid),40251
Tue Aug 11 2020 02:00:00 GMT+0200 (centraleuropeisk sommartid),30189
Wed Aug 12 2020 02:00:00 GMT+0200 (centraleuropeisk sommartid),47026
Thu Aug 13 2020 02:00:00 GMT+0200 (centraleuropeisk sommartid),45014
Fri Aug 14 2020 02:00:00 GMT+0200 (centraleuropeisk sommartid),34552
Sat Aug 15 2020 02:00:00 GMT+0200 (centraleuropeisk sommartid),26914
Sun Aug 16 2020 02:00:00 GMT+0200 (centraleuropeisk sommartid),39938
Mon Aug 17 2020 02:00:00 GMT+0200 (centraleuropeisk sommartid),41625
Tue Aug 18 2020 02:00:00 GMT+0200 (centraleuropeisk sommartid),30850
Wed Aug 19 2020 02:00:00 GMT+0200 (centraleuropeisk sommartid),67601
Thu Aug 20 2020 02:00:00 GMT+0200 (centraleuropeisk sommartid),47377
Fri Aug 21 2020 02:00:00 GMT+0200 (centraleuropeisk sommartid),40026
Sat Aug 22 2020 02:00:00 GMT+0200 (centraleuropeisk sommartid),29901
Sun Aug 23 2020 02:00:00 GMT+0200 (centraleuropeisk sommartid),27602
Mon Aug 24 2020 02:00:00 GMT+0200 (centraleuropeisk sommartid),42776
Tue Aug 25 2020 02:00:00 GMT+0200 (centraleuropeisk sommartid),36151
Wed Aug 26 2020 02:00:00 GMT+0200 (centraleuropeisk sommartid),35476
Thu Aug 27 2020 02:00:00 GMT+0200 (centraleuropeisk sommartid),27627
Fri Aug 28 2020 02:00:00 GMT+0200 (centraleuropeisk sommartid),49289
Sat Aug 29 2020 02:00:00 GMT+0200 (centraleuropeisk sommartid),31426
Sun Aug 30 2020 02:00:00 GMT+0200 (centraleuropeisk sommartid),39251
Mon Aug 31 2020 02:00:00 GMT+0200 (centraleuropeisk sommartid),44001
Tue Sep 01 2020 02:00:00 GMT+0200 (centraleuropeisk sommartid),25189
Wed Sep 02 2020 02:00:00 GMT+0200 (centraleuropeisk sommartid),44538
Thu Sep 03 2020 02:00:00 GMT+0200 (centraleuropeisk sommartid),35352
Fri Sep 04 2020 02:00:00 GMT+0200 (centraleuropeisk sommartid),38489
Sat Sep 05 2020 02:00:00 GMT+0200 (centraleuropeisk sommartid),36240
Sun Sep 06 2020 02:00:00 GMT+0200 (centraleuropeisk sommartid),42889
Mon Sep 07 2020 02:00:00 GMT+0200 (centraleuropeisk sommartid),29826
Tue Sep 08 2020 02:00:00 GMT+0200 (centraleuropeisk sommartid),44113
Wed Sep 09 2020 02:00:00 GMT+0200 (centraleuropeisk sommartid),22113
Thu Sep 10 2020 02:00:00 GMT+0200 (centraleuropeisk sommartid),39740
Fri Sep 11 2020 02:00:00 GMT+0200 (centraleuropeisk sommartid),25988
Sat Sep 12 2020 02:00:00 GMT+0200 (centraleuropeisk sommartid),22566
Sun Sep 13 2020 02:00:00 GMT+0200 (centraleuropeisk sommartid),38088
Mon Sep 14 2020 02:00:00 GMT+0200 (centraleuropeisk sommartid),28928
Tue Sep 15 2020 02:00:00 GMT+0200 (centraleuropeisk sommartid),38201
Wed Sep 16 2020 02:00:00 GMT+0200 (centraleuropeisk sommartid),47738
Thu Sep 17 2020 02:00:00 GMT+0200 (centraleuropeisk sommartid),18863
Fri Sep 18 2020 02:00:00 GMT+0200 (centraleuropeisk sommartid),37926
Sat Sep 19 2020 02:00:00 GMT+0200 (centraleuropeisk sommartid),32076
Sun Sep 20 2020 02:00:00 GMT+0200 (centraleuropeisk sommartid),20301
Mon Sep 21 2020 02:00:00 GMT+0200 (centraleuropeisk sommartid),40714
Tue Sep 22 2020 02:00:00 GMT+0200 (centraleuropeisk sommartid),43439
Wed Sep 23 2020 02:00:00 GMT+0200 (centraleuropeisk sommartid),32951
Thu Sep 24 2020 02:00:00 GMT+0200 (centraleuropeisk sommartid),48089
Fri Sep 25 2020 02:00:00 GMT+0200 (centraleuropeisk sommartid),47663
Sat Sep 26 2020 02:00:00 GMT+0200 (centraleuropeisk sommartid),22188
Sun Sep 27 2020 02:00:00 GMT+0200 (centraleuropeisk sommartid),23888
Mon Sep 28 2020 02:00:00 GMT+0200 (centraleuropeisk sommartid),39513
Tue Sep 29 2020 02:00:00 GMT+0200 (centraleuropeisk sommartid),62900
Wed Sep 30 2020 02:00:00 GMT+0200 (centraleuropeisk sommartid),36988
Thu Oct 01 2020 02:00:00 GMT+0200 (centraleuropeisk sommartid),27501
Fri Oct 02 2020 02:00:00 GMT+0200 (centraleuropeisk sommartid),30291
Sat Oct 03 2020 02:00:00 GMT+0200 (centraleuropeisk sommartid),22875
Sun Oct 04 2020 02:00:00 GMT+0200 (centraleuropeisk sommartid),35463
Mon Oct 05 2020 02:00:00 GMT+0200 (centraleuropeisk sommartid),22988
Tue Oct 06 2020 02:00:00 GMT+0200 (centraleuropeisk sommartid),22751
Wed Oct 07 2020 02:00:00 GMT+0200 (centraleuropeisk sommartid),38402
Thu Oct 08 2020 02:00:00 GMT+0200 (centraleuropeisk sommartid),35052
Fri Oct 09 2020 02:00:00 GMT+0200 (centraleuropeisk sommartid),17963
Sat Oct 10 2020 02:00:00 GMT+0200 (centraleuropeisk sommartid),25065
Sun Oct 11 2020 02:00:00 GMT+0200 (centraleuropeisk sommartid),61064
Mon Oct 12 2020 02:00:00 GMT+0200 (centraleuropeisk sommartid),26388
Tue Oct 13 2020 02:00:00 GMT+0200 (centraleuropeisk sommartid),38889
Wed Oct 14 2020 02:00:00 GMT+0200 (centraleuropeisk sommartid),25902
Thu Oct 15 2020 02:00:00 GMT+0200 (centraleuropeisk sommartid),25090
Fri Oct 16 2020 02:00:00 GMT+0200 (centraleuropeisk sommartid),34127
Sat Oct 17 2020 02:00:00 GMT+0200 (centraleuropeisk sommartid),38865
Sun Oct 18 2020 02:00:00 GMT+0200 (centraleuropeisk sommartid),40766
Mon Oct 19 2020 02:00:00 GMT+0200 (centraleuropeisk sommartid),35700
Tue Oct 20 2020 02:00:00 GMT+0200 (centraleuropeisk sommartid),32013
Wed Oct 21 2020 02:00:00 GMT+0200 (centraleuropeisk sommartid),40204
Thu Oct 22 2020 02:00:00 GMT+0200 (centraleuropeisk sommartid),45028
Fri Oct 23 2020 02:00:00 GMT+0200 (centraleuropeisk sommartid),21976
Sat Oct 24 2020 02:00:00 GMT+0200 (centraleuropeisk sommartid),52313
Sun Oct 25 2020 02:00:00 GMT+0200 (centraleuropeisk sommartid),27013
Mon Oct 26 2020 01:00:00 GMT+0100 (centraleuropeisk normaltid),24876
Tue Oct 27 2020 01:00:00 GMT+0100 (centraleuropeisk normaltid),37175
Wed Oct 28 2020 01:00:00 GMT+0100 (centraleuropeisk normaltid),21453
Thu Oct 29 2020 01:00:00 GMT+0100 (centraleuropeisk normaltid),47577
Fri Oct 30 2020 01:00:00 GMT+0100 (centraleuropeisk normaltid),24628
Sat Oct 31 2020 01:00:00 GMT+0100 (centraleuropeisk normaltid),36653
Sun Nov 01 2020 01:00:00 GMT+0100 (centraleuropeisk normaltid),28678
Mon Nov 02 2020 01:00:00 GMT+0100 (centraleuropeisk normaltid),44251
Tue Nov 03 2020 01:00:00 GMT+0100 (centraleuropeisk normaltid),53267
Wed Nov 04 2020 01:00:00 GMT+0100 (centraleuropeisk normaltid),77753
Thu Nov 05 2020 01:00:00 GMT+0100 (centraleuropeisk normaltid),54727
Fri Nov 06 2020 01:00:00 GMT+0100 (centraleuropeisk normaltid),69414
Sat Nov 07 2020 01:00:00 GMT+0100 (centraleuropeisk normaltid),77141
Sun Nov 08 2020 01:00:00 GMT+0100 (centraleuropeisk normaltid),110116
Mon Nov 09 2020 01:00:00 GMT+0100 (centraleuropeisk normaltid),51079
Tue Nov 10 2020 01:00:00 GMT+0100 (centraleuropeisk normaltid),78450
Wed Nov 11 2020 01:00:00 GMT+0100 (centraleuropeisk normaltid),85166
Thu Nov 12 2020 01:00:00 GMT+0100 (centraleuropeisk normaltid),56228
Fri Nov 13 2020 01:00:00 GMT+0100 (centraleuropeisk normaltid),82439
Sat Nov 14 2020 01:00:00 GMT+0100 (centraleuropeisk normaltid),68151
Sun Nov 15 2020 01:00:00 GMT+0100 (centraleuropeisk normaltid),62976
Mon Nov 16 2020 01:00:00 GMT+0100 (centraleuropeisk normaltid),47102
Tue Nov 17 2020 01:00:00 GMT+0100 (centraleuropeisk normaltid),58239
Wed Nov 18 2020 01:00:00 GMT+0100 (centraleuropeisk normaltid),47777
Thu Nov 19 2020 01:00:00 GMT+0100 (centraleuropeisk normaltid),37200
Fri Nov 20 2020 01:00:00 GMT+0100 (centraleuropeisk normaltid),64214
Sat Nov 21 2020 01:00:00 GMT+0100 (centraleuropeisk normaltid),76865
Sun Nov 22 2020 01:00:00 GMT+0100 (centraleuropeisk normaltid),55240
Mon Nov 23 2020 01:00:00 GMT+0100 (centraleuropeisk normaltid),65978
Tue Nov 24 2020 01:00:00 GMT+0100 (centraleuropeisk normaltid),52214
Wed Nov 25 2020 01:00:00 GMT+0100 (centraleuropeisk normaltid),27277
Thu Nov 26 2020 01:00:00 GMT+0100 (centraleuropeisk normaltid),80190
Fri Nov 27 2020 01:00:00 GMT+0100 (centraleuropeisk normaltid),75903
Sat Nov 28 2020 01:00:00 GMT+0100 (centraleuropeisk normaltid),41889
Sun Nov 29 2020 01:00:00 GMT+0100 (centraleuropeisk normaltid),77890
Mon Nov 30 2020 01:00:00 GMT+0100 (centraleuropeisk normaltid),109438
Tue Dec 01 2020 01:00:00 GMT+0100 (centraleuropeisk normaltid),95427
Wed Dec 02 2020 01:00:00 GMT+0100 (centraleuropeisk normaltid),69225
Thu Dec 03 2020 01:00:00 GMT+0100 (centraleuropeisk normaltid),69027
Fri Dec 04 2020 01:00:00 GMT+0100 (centraleuropeisk normaltid),85826
Sat Dec 05 2020 01:00:00 GMT+0100 (centraleuropeisk normaltid),64913
Sun Dec 06 2020 01:00:00 GMT+0100 (centraleuropeisk normaltid),59739
Mon Dec 07 2020 01:00:00 GMT+0100 (centraleuropeisk normaltid),37803
Tue Dec 08 2020 01:00:00 GMT+0100 (centraleuropeisk normaltid),77663
Wed Dec 09 2020 01:00:00 GMT+0100 (centraleuropeisk normaltid),42976
Thu Dec 10 2020 01:00:00 GMT+0100 (centraleuropeisk normaltid),105601
Fri Dec 11 2020 01:00:00 GMT+0100 (centraleuropeisk normaltid),61201
Sat Dec 12 2020 01:00:00 GMT+0100 (centraleuropeisk normaltid),70390
Sun Dec 13 2020 01:00:00 GMT+0100 (centraleuropeisk normaltid),39751
Mon Dec 14 2020 01:00:00 GMT+0100 (centraleuropeisk normaltid),83866
Tue Dec 15 2020 01:00:00 GMT+0100 (centraleuropeisk normaltid),70814
Wed Dec 16 2020 01:00:00 GMT+0100 (centraleuropeisk normaltid),76968
Thu Dec 17 2020 01:00:00 GMT+0100 (centraleuropeisk normaltid),52538
Fri Dec 18 2020 01:00:00 GMT+0100 (centraleuropeisk normaltid),46726
Sat Dec 19 2020 01:00:00 GMT+0100 (centraleuropeisk normaltid),58089
Sun Dec 20 2020 01:00:00 GMT+0100 (centraleuropeisk normaltid),37600
Mon Dec 21 2020 01:00:00 GMT+0100 (centraleuropeisk normaltid),83088
Tue Dec 22 2020 01:00:00 GMT+0100 (centraleuropeisk normaltid),37401
Wed Dec 23 2020 01:00:00 GMT+0100 (centraleuropeisk normaltid),34090
Thu Dec 24 2020 01:00:00 GMT+0100 (centraleuropeisk normaltid),93727
Fri Dec 25 2020 01:00:00 GMT+0100 (centraleuropeisk normaltid),43401
Sat Dec 26 2020 01:00:00 GMT+0100 (centraleuropeisk normaltid),37439
Sun Dec 27 2020 01:00:00 GMT+0100 (centraleuropeisk normaltid),74789
Mon Dec 28 2020 01:00:00 GMT+0100 (centraleuropeisk normaltid),47351
Tue Dec 29 2020 01:00:00 GMT+0100 (centraleuropeisk normaltid),74227
Wed Dec 30 2020 01:00:00 GMT+0100 (centraleuropeisk normaltid),108463
Thu Dec 31 2020 01:00:00 GMT+0100 (centraleuropeisk normaltid),83026
